%% This BibTeX bibliography file was created using BibDesk.
%% http://bibdesk.sourceforge.net/


%% Created for Sheng Feng at 2015-05-04 07:55:28 -0500 


%% Saved with string encoding Unicode (UTF-8) 


@preamble{"\newcommand{\noopsort}[1]{} " #
   "\newcommand{\printfirst}[2]{#1} " #
   "\newcommand{\singleletter}[1]{#1} " #
   "\newcommand{\switchargs}[2]{#2#1} "}


@string{acm = {The OX Association for Computing Machinery}}

@string{stoc = {Symposium on the Theory of Computing}}

@string{stoc-key = {OX{\singleletter{stoc}}}}


@article{PhysRevLett.87.206402,
	Author = {Hirsch, J. E.},
	Date-Added = {2015-05-04 12:49:24 +0000},
	Date-Modified = {2015-05-04 12:49:24 +0000},
	Doi = {10.1103/PhysRevLett.87.206402},
	Issue = {20},
	Journal = {Phys. Rev. Lett.},
	Month = {Oct},
	Numpages = {4},
	Pages = {206402},
	Publisher = {American Physical Society},
	Title = {Dynamic Hubbard Model},
	Url = {http://link.aps.org/doi/10.1103/PhysRevLett.87.206402},
	Volume = {87},
	Year = {2001},
	Bdsk-Url-1 = {http://link.aps.org/doi/10.1103/PhysRevLett.87.206402},
	Bdsk-Url-2 = {http://dx.doi.org/10.1103/PhysRevLett.87.206402}}

@article{2013PhyS...88c5704H,
	Adsnote = {Provided by the SAO/NASA Astrophysics Data System},
	Adsurl = {http://adsabs.harvard.edu/abs/2013PhyS...88c5704H},
	Archiveprefix = {arXiv},
	Author = {{Hirsch}, J.~E.},
	Date-Added = {2015-05-04 12:48:39 +0000},
	Date-Modified = {2015-05-04 12:55:27 +0000},
	Doi = {10.1088/0031-8949/88/03/035704},
	Eid = {035704},
	Eprint = {1302.4178},
	Journal = {Physica Scripta},
	Month = sep,
	Number = 3,
	Pages = {035704},
	Primaryclass = {cond-mat.supr-con},
	Title = {{Dynamic Hubbard model: kinetic energy driven charge expulsion, charge inhomogeneity, hole superconductivity and Meissner effect}},
	Volume = 88,
	Year = 2013,
	Bdsk-Url-1 = {http://dx.doi.org/10.1088/0031-8949/88/03/035704}}

@article{2005PhRvB..72c5122R,
	Adsnote = {Provided by the SAO/NASA Astrophysics Data System},
	Adsurl = {http://adsabs.harvard.edu/abs/2005PhRvB..72c5122R},
	Author = {{Rubtsov}, A.~N. and {Savkin}, V.~V. and {Lichtenstein}, A.~I.},
	Date-Added = {2015-05-04 12:46:38 +0000},
	Date-Modified = {2015-05-04 12:54:55 +0000},
	Doi = {10.1103/PhysRevB.72.035122},
	Eid = {035122},
	Eprint = {cond-mat/0411344},
	Journal = {Physical Review B},
	Keywords = {Lattice fermion models, Quantum Monte Carlo methods, Strongly correlated electron systems, heavy fermions},
	Month = jul,
	Number = 3,
	Pages = {035122},
	Title = {{Continuous-time quantum Monte Carlo method for fermions}},
	Volume = 72,
	Year = 2005,
	Bdsk-Url-1 = {http://dx.doi.org/10.1103/PhysRevB.72.035122}}

@article{1986PhRvL..56.2521H,
	Adsnote = {Provided by the SAO/NASA Astrophysics Data System},
	Adsurl = {http://adsabs.harvard.edu/abs/1986PhRvL..56.2521H},
	Author = {{Hirsch}, J.~E. and {Fye}, R.~M.},
	Date-Added = {2015-05-04 12:44:55 +0000},
	Date-Modified = {2015-05-04 12:44:55 +0000},
	Doi = {10.1103/PhysRevLett.56.2521},
	Journal = {Physical Review Letters},
	Keywords = {Conduction Electrons, Electron Scattering, Impurities, Magnetic Materials, Monte Carlo Method, Algorithms, Dyson Theory, Green'S Functions, Hamiltonian Functions},
	Month = jun,
	Pages = {2521-2524},
	Title = {{Monte Carlo method for magnetic impurities in metals}},
	Volume = 56,
	Year = 1986,
	Bdsk-Url-1 = {http://dx.doi.org/10.1103/PhysRevLett.56.2521}}

@article{PhysRevB.45.6479,
	Author = {Georges, Antoine and Kotliar, Gabriel},
	Date-Added = {2015-05-04 12:43:10 +0000},
	Date-Modified = {2015-05-04 12:43:10 +0000},
	Doi = {10.1103/PhysRevB.45.6479},
	Issue = {12},
	Journal = {Phys. Rev. B},
	Month = {Mar},
	Numpages = {0},
	Pages = {6479--6483},
	Publisher = {American Physical Society},
	Title = {Hubbard model in infinite dimensions},
	Url = {http://link.aps.org/doi/10.1103/PhysRevB.45.6479},
	Volume = {45},
	Year = {1992},
	Bdsk-Url-1 = {http://link.aps.org/doi/10.1103/PhysRevB.45.6479},
	Bdsk-Url-2 = {http://dx.doi.org/10.1103/PhysRevB.45.6479}}

@article{RevModPhys.68.13,
	Author = {Georges, Antoine and Kotliar, Gabriel and Krauth, Werner and Rozenberg, Marcelo J.},
	Date-Added = {2015-05-04 12:42:33 +0000},
	Date-Modified = {2015-05-04 12:42:33 +0000},
	Doi = {10.1103/RevModPhys.68.13},
	Issue = {1},
	Journal = {Rev. Mod. Phys.},
	Month = {Jan},
	Numpages = {0},
	Pages = {13--125},
	Publisher = {American Physical Society},
	Title = {Dynamical mean-field theory of strongly correlated fermion systems and the limit of infinite dimensions},
	Url = {http://link.aps.org/doi/10.1103/RevModPhys.68.13},
	Volume = {68},
	Year = {1996},
	Bdsk-Url-1 = {http://link.aps.org/doi/10.1103/RevModPhys.68.13},
	Bdsk-Url-2 = {http://dx.doi.org/10.1103/RevModPhys.68.13}}

@article{0953-8984-9-35-010,
	Abstract = {A recently developed dynamical mean-field theory, in the iterated perturbation theory approximation, was used as a basis for the construction of a `first-principles' calculation scheme for investigating the electronic structure of strongly correlated electron systems. This scheme is based on the local density approximation (LDA) within the framework of the linearized muffin-tin orbitals (LMTO) method. The classical example of the doped Mott insulator ##IMG## [http://ej.iop.org/images/0953-8984/9/35/010/img8.gif] was studied by the new method, and the results showed qualitative improvement when compared with experimental photoemission spectra.},
	Author = {V I Anisimov and A I Poteryaev and M A Korotin and A O Anokhin and G Kotliar},
	Date-Added = {2015-05-04 12:41:10 +0000},
	Date-Modified = {2015-05-04 12:41:10 +0000},
	Journal = {Journal of Physics: Condensed Matter},
	Number = {35},
	Pages = {7359},
	Title = {First-principles calculations of the electronic structure and spectra of strongly correlated systems: dynamical mean-field theory},
	Url = {http://stacks.iop.org/0953-8984/9/i=35/a=010},
	Volume = {9},
	Year = {1997},
	Bdsk-Url-1 = {http://stacks.iop.org/0953-8984/9/i=35/a=010}}

@book{lundqvist1983,
	Address = {New York},
	Author = {S Lundqvist and S H March (eds.)},
	Date-Added = {2015-05-04 12:36:51 +0000},
	Date-Modified = {2015-05-04 12:39:02 +0000},
	Publisher = {Plenum Press},
	Title = {Theory of the Inhomogeneous Electron Gas},
	Year = {1983}}

@article{PhysRev.140.A1133,
	Author = {Kohn, W. and Sham, L. J.},
	Date-Added = {2015-05-04 12:34:40 +0000},
	Date-Modified = {2015-05-04 12:34:40 +0000},
	Doi = {10.1103/PhysRev.140.A1133},
	Issue = {4A},
	Journal = {Phys. Rev.},
	Month = {Nov},
	Numpages = {0},
	Pages = {A1133--A1138},
	Publisher = {American Physical Society},
	Title = {Self-Consistent Equations Including Exchange and Correlation Effects},
	Url = {http://link.aps.org/doi/10.1103/PhysRev.140.A1133},
	Volume = {140},
	Year = {1965},
	Bdsk-Url-1 = {http://link.aps.org/doi/10.1103/PhysRev.140.A1133},
	Bdsk-Url-2 = {http://dx.doi.org/10.1103/PhysRev.140.A1133}}

@article{PhysRev.136.B864,
	Author = {Hohenberg, P. and Kohn, W.},
	Date-Added = {2015-05-04 12:33:39 +0000},
	Date-Modified = {2015-05-04 12:33:39 +0000},
	Doi = {10.1103/PhysRev.136.B864},
	Issue = {3B},
	Journal = {Phys. Rev.},
	Month = {Nov},
	Numpages = {0},
	Pages = {B864--B871},
	Publisher = {American Physical Society},
	Title = {Inhomogeneous Electron Gas},
	Url = {http://link.aps.org/doi/10.1103/PhysRev.136.B864},
	Volume = {136},
	Year = {1964},
	Bdsk-Url-1 = {http://link.aps.org/doi/10.1103/PhysRev.136.B864},
	Bdsk-Url-2 = {http://dx.doi.org/10.1103/PhysRev.136.B864}}

@article{RevModPhys.83.349,
	Author = {Gull, Emanuel and Millis, Andrew J. and Lichtenstein, Alexander I. and Rubtsov, Alexey N. and Troyer, Matthias and Werner, Philipp},
	Date-Added = {2015-05-02 23:15:54 +0000},
	Date-Modified = {2015-05-02 23:15:54 +0000},
	Doi = {10.1103/RevModPhys.83.349},
	Issue = {2},
	Journal = {Rev. Mod. Phys.},
	Month = {May},
	Numpages = {0},
	Pages = {349--404},
	Publisher = {American Physical Society},
	Title = {Continuous-time Monte~Carlo methods for quantum impurity models},
	Url = {http://link.aps.org/doi/10.1103/RevModPhys.83.349},
	Volume = {83},
	Year = {2011},
	Bdsk-Url-1 = {http://link.aps.org/doi/10.1103/RevModPhys.83.349},
	Bdsk-Url-2 = {http://dx.doi.org/10.1103/RevModPhys.83.349}}

@article{PhysRevB.75.155113,
	Author = {Haule, Kristjan},
	Date-Added = {2015-05-02 23:15:54 +0000},
	Date-Modified = {2015-05-02 23:15:54 +0000},
	Doi = {10.1103/PhysRevB.75.155113},
	Issue = {15},
	Journal = {Phys. Rev. B},
	Month = {Apr},
	Numpages = {12},
	Pages = {155113},
	Publisher = {American Physical Society},
	Title = {Quantum Monte Carlo impurity solver for cluster dynamical mean-field theory and electronic structure calculations with adjustable cluster base},
	Url = {http://link.aps.org/doi/10.1103/PhysRevB.75.155113},
	Volume = {75},
	Year = {2007},
	Bdsk-Url-1 = {http://link.aps.org/doi/10.1103/PhysRevB.75.155113},
	Bdsk-Url-2 = {http://dx.doi.org/10.1103/PhysRevB.75.155113}}

@article{PhysRevB.80.235117,
	Author = {L\"auchli, Andreas M. and Werner, Philipp},
	Date-Added = {2015-05-02 23:15:54 +0000},
	Date-Modified = {2015-05-02 23:15:54 +0000},
	Doi = {10.1103/PhysRevB.80.235117},
	Issue = {23},
	Journal = {Phys. Rev. B},
	Month = {Dec},
	Numpages = {8},
	Pages = {235117},
	Publisher = {American Physical Society},
	Title = {Krylov implementation of the hybridization expansion impurity solver and application to 5-orbital models},
	Url = {http://link.aps.org/doi/10.1103/PhysRevB.80.235117},
	Volume = {80},
	Year = {2009},
	Bdsk-Url-1 = {http://link.aps.org/doi/10.1103/PhysRevB.80.235117},
	Bdsk-Url-2 = {http://dx.doi.org/10.1103/PhysRevB.80.235117}}

@article{PhysRevB.74.155107,
	Author = {Werner, Philipp and Millis, Andrew J.},
	Date-Added = {2015-05-02 23:15:54 +0000},
	Date-Modified = {2015-05-02 23:15:54 +0000},
	Doi = {10.1103/PhysRevB.74.155107},
	Issue = {15},
	Journal = {Phys. Rev. B},
	Month = {Oct},
	Numpages = {13},
	Pages = {155107},
	Publisher = {American Physical Society},
	Title = {Hybridization expansion impurity solver: General formulation and application to Kondo lattice and two-orbital models},
	Url = {http://link.aps.org/doi/10.1103/PhysRevB.74.155107},
	Volume = {74},
	Year = {2006},
	Bdsk-Url-1 = {http://link.aps.org/doi/10.1103/PhysRevB.74.155107},
	Bdsk-Url-2 = {http://dx.doi.org/10.1103/PhysRevB.74.155107}}

@article{Edwards-Anderson1975,
	Author = {S F Edwards and P W Anderson},
	Date-Added = {2015-05-02 22:39:25 +0000},
	Date-Modified = {2015-05-02 22:39:25 +0000},
	Journal = {Journal of Physics F: Metal Physics},
	Number = {5},
	Pages = {965},
	Title = {Theory of spin glasses},
	Url = {http://stacks.iop.org/0305-4608/5/i=5/a=017},
	Volume = {5},
	Year = {1975},
	Bdsk-Url-1 = {http://stacks.iop.org/0305-4608/5/i=5/a=017}}

@article{Hukushima-Nemoto1996,
	Author = {Koji Hukushima and Koji Nemoto},
	Date-Added = {2015-05-02 22:39:25 +0000},
	Date-Modified = {2015-05-02 22:39:25 +0000},
	Doi = {10.1143/JPSJ.65.1604},
	Journal = {Journal of the Physical Society of Japan},
	Number = {6},
	Numpages = {4},
	Pages = {1604-1608},
	Publisher = {The Physical Society of Japan},
	Title = {Exchange Monte Carlo Method and Application to Spin Glass Simulations},
	Url = {http://jpsj.ipap.jp/link?JPSJ/65/1604/},
	Volume = {65},
	Year = {1996},
	Bdsk-Url-1 = {http://jpsj.ipap.jp/link?JPSJ/65/1604/},
	Bdsk-Url-2 = {http://dx.doi.org/10.1143/JPSJ.65.1604}}

@article{Sherrington-Kirkpatrick1978,
	Author = {Kirkpatrick, Scott and Sherrington, David},
	Date-Added = {2015-05-02 22:39:25 +0000},
	Date-Modified = {2015-05-02 22:39:25 +0000},
	Doi = {10.1103/PhysRevB.17.4384},
	Issue = {11},
	Journal = {Phys. Rev. B},
	Month = {Jun},
	Pages = {4384--4403},
	Publisher = {American Physical Society},
	Title = {Infinite-ranged models of spin-glasses},
	Url = {http://link.aps.org/doi/10.1103/PhysRevB.17.4384},
	Volume = {17},
	Year = {1978},
	Bdsk-Url-1 = {http://link.aps.org/doi/10.1103/PhysRevB.17.4384},
	Bdsk-Url-2 = {http://dx.doi.org/10.1103/PhysRevB.17.4384}}

@article{Parisi1980,
	Author = {G Parisi},
	Date-Added = {2015-05-02 22:39:25 +0000},
	Date-Modified = {2015-05-02 22:39:25 +0000},
	Journal = {Journal of Physics A: Mathematical and General},
	Number = {4},
	Pages = {L115},
	Title = {A sequence of approximated solutions to the S-K model for spin glasses},
	Url = {http://stacks.iop.org/0305-4470/13/i=4/a=009},
	Volume = {13},
	Year = {1980},
	Bdsk-Url-1 = {http://stacks.iop.org/0305-4470/13/i=4/a=009}}

@article{Almedia-Thouless1978,
	Author = {J R L de Almeida and D J Thouless},
	Date-Added = {2015-04-30 13:45:39 +0000},
	Date-Modified = {2015-04-30 13:45:39 +0000},
	Journal = {Journal of Physics A: Mathematical and General},
	Number = {5},
	Pages = {983},
	Title = {Stability of the Sherrington-Kirkpatrick solution of a spin glass model},
	Url = {http://stacks.iop.org/0305-4470/11/i=5/a=028},
	Volume = {11},
	Year = {1978},
	Bdsk-Url-1 = {http://stacks.iop.org/0305-4470/11/i=5/a=028}}

@article{Ballesteros-2000,
	Author = {Ballesteros, H. G. and Cruz, A. and Fern\'andez, L. A. and Mart\'\in-Mayor, V. and Pech, J. and Ruiz-Lorenzo, J. J. and Taranc\'on, A. and T\'ellez, P. and Ullod, C. L. and Ungil, C.},
	Date-Added = {2015-04-30 13:45:39 +0000},
	Date-Modified = {2015-04-30 13:45:39 +0000},
	Doi = {10.1103/PhysRevB.62.14237},
	Issue = {21},
	Journal = {Phys. Rev. B},
	Month = {Dec},
	Pages = {14237--14245},
	Publisher = {American Physical Society},
	Title = {Critical behavior of the three-dimensional Ising spin glass},
	Url = {http://link.aps.org/doi/10.1103/PhysRevB.62.14237},
	Volume = {62},
	Year = {2000},
	Bdsk-Url-1 = {http://link.aps.org/doi/10.1103/PhysRevB.62.14237},
	Bdsk-Url-2 = {http://dx.doi.org/10.1103/PhysRevB.62.14237}}

@article{Banos2012,
	Author = {Ba{\~n}os, Raquel Alvarez and Cruz, Andres and Fernandez, Luis Antonio and Gil-Narvion, Jose Miguel and Gordillo-Guerrero, Antonio and Guidetti, Marco and I{\~n}iguez, David and Maiorano, Andrea and Marinari, Enzo and Martin-Mayor, Victor and Monforte-Garcia, Jorge and Mu{\~n}oz Sudupe, Antonio and Navarro, Denis and Parisi, Giorgio and Perez-Gaviro, Sergio and Ruiz-Lorenzo, Juan Jesus and Schifano, Sebastiano Fabio and Seoane, Beatriz and Tarancon, Alfonso and Tellez, Pedro and Tripiccione, Raffaele and Yllanes, David},
	Date-Added = {2015-04-30 13:45:39 +0000},
	Date-Modified = {2015-04-30 13:45:39 +0000},
	Doi = {10.1073/pnas.1203295109},
	Title = {Thermodynamic glass transition in a spin glass without time-reversal symmetry},
	Year = {2012},
	Bdsk-Url-1 = {http://dx.doi.org/10.1073/pnas.1203295109}}

@article{Marinari-Parisi1992,
	Author = {E. Marinari and G. Parisi},
	Date-Added = {2015-04-30 13:45:39 +0000},
	Date-Modified = {2015-04-30 13:45:39 +0000},
	Journal = {EPL (Europhysics Letters)},
	Number = {6},
	Pages = {451},
	Title = {Simulated Tempering: A New Monte Carlo Scheme},
	Url = {http://stacks.iop.org/0295-5075/19/i=6/a=002},
	Volume = {19},
	Year = {1992},
	Bdsk-Url-1 = {http://stacks.iop.org/0295-5075/19/i=6/a=002}}

@unpublished{unpublished-minimal,
	Author = {Ulrich {\"{U}}nderwood and Ned {\~N}et and Paul {\={P}}ot},
	Date-Added = {2015-04-30 05:26:47 +0000},
	Date-Modified = {2015-04-30 05:26:47 +0000},
	Note = {Talk at Fanstord University (this is a minimal UNPUBLISHED entry)},
	Title = {Lower Bounds for Wishful Research Results}}

@unpublished{unpublished-full,
	Author = {Ulrich {\"{U}}nderwood and Ned {\~N}et and Paul {\={P}}ot},
	Date-Added = {2015-04-30 05:26:47 +0000},
	Date-Modified = {2015-04-30 05:26:47 +0000},
	Month = nov # {, } # dec,
	Note = {Talk at Fanstord University (this is a full UNPUBLISHED entry)},
	Title = {Lower Bounds for Wishful Research Results},
	Year = 1988}

@article{article-minimal,
	Author = {L[eslie] A. Aamport},
	Date-Added = {2015-04-30 05:26:47 +0000},
	Date-Modified = {2015-04-30 05:26:47 +0000},
	Journal = {\mbox{G-Animal's} Journal},
	Title = {The Gnats and Gnus Document Preparation System},
	Year = 1986}

@article{article-full,
	Author = {L[eslie] A. Aamport},
	Date-Added = {2015-04-30 05:26:47 +0000},
	Date-Modified = {2015-04-30 05:26:47 +0000},
	Journal = {\mbox{G-Animal's} Journal},
	Month = jul,
	Note = {This is a full ARTICLE entry},
	Number = 7,
	Pages = {73},
	Title = {The Gnats and Gnus Document Preparation System},
	Volume = 41,
	Year = 1986}

@article{article-crossref,
	Author = {L[eslie] A. Aamport},
	Crossref = {WHOLE-JOURNAL},
	Date-Added = {2015-04-30 05:26:47 +0000},
	Date-Modified = {2015-04-30 05:26:47 +0000},
	Note = {This is a cross-referencing ARTICLE entry},
	Pages = {73+},
	Title = {The Gnats and Gnus Document Preparation System}}

@article{Almedia-Thouless-1978,
	Author = {J R L de Almeida and D J Thouless},
	Date-Added = {2015-04-30 05:26:47 +0000},
	Date-Modified = {2015-04-30 05:26:47 +0000},
	Journal = {Journal of Physics A: Mathematical and General},
	Number = {5},
	Pages = {983},
	Title = {Stability of the Sherrington-Kirkpatrick solution of a spin glass model},
	Volume = {11},
	Year = {1978}}

@article{Banos-etal-2010,
	Author = {Alvarez Ba\~nos, R. and Cruz, A. and Fernandez, L. A. and Gil-Narvion, J. M. and Gordillo-Guerrero, A. and Guidetti, M. and Maiorano, A. and Mantovani, F. and Marinari, E. and Martin-Mayor, V. and Monforte-Garcia, J. and Mu\~noz Sudupe, A. and Navarro, D. and Parisi, G. and Perez-Gaviro, S. and Ruiz-Lorenzo, J. J. and Schifano, S. F. and Seoane, B. and Tarancon, A. and Tripiccione, R. and Yllanes, D.},
	Date-Added = {2015-04-30 05:26:47 +0000},
	Date-Modified = {2015-04-30 05:26:47 +0000},
	Doi = {10.1103/PhysRevLett.105.177202},
	Issue = {17},
	Journal = {Phys. Rev. Lett.},
	Month = {Oct},
	Numpages = {4},
	Pages = {177202},
	Publisher = {American Physical Society},
	Title = {Static versus Dynamic Heterogeneities in the $D=3$ Edwards-Anderson-Ising Spin Glass},
	Volume = {105},
	Year = {2010},
	Bdsk-Url-1 = {http://link.aps.org/doi/10.1103/PhysRevLett.105.177202},
	Bdsk-Url-2 = {http://dx.doi.org/10.1103/PhysRevLett.105.177202}}

@article{Aspelmeier-Moore-Young-2003,
	Author = {Aspelmeier, T. and Moore, M. A. and Young, A. P.},
	Date-Added = {2015-04-30 05:26:47 +0000},
	Date-Modified = {2015-04-30 05:26:47 +0000},
	Doi = {10.1103/PhysRevLett.90.127202},
	Issue = {12},
	Journal = {Phys. Rev. Lett.},
	Month = {Mar},
	Numpages = {4},
	Pages = {127202},
	Publisher = {American Physical Society},
	Title = {Interface Energies in Ising Spin Glasses},
	Volume = {90},
	Year = {2003},
	Bdsk-Url-1 = {http://link.aps.org/doi/10.1103/PhysRevLett.90.127202},
	Bdsk-Url-2 = {http://dx.doi.org/10.1103/PhysRevLett.90.127202}}

@article{Baity-Jesi-etal-2014,
	Adsnote = {Provided by the SAO/NASA Astrophysics Data System},
	Adsurl = {http://adsabs.harvard.edu/abs/2014arXiv1403.2622B},
	Archiveprefix = {arXiv},
	Author = {{Baity-Jesi}, M. and {Ba{\~n}os}, R.~A. and {Cruz}, A. and {Fernandez}, L.~A. and {Gil-Narvion}, J.~M. and {Gordillo-Guerrero}, A. and {Iniguez}, D. and {Maiorano}, A. and {Mantovani}, F. and {Marinari}, E. and {Martin-Mayor}, V. and {Monforte-Garcia}, J. and {Munoz Sudupe}, A. and {Navarro}, D. and {Parisi}, G. and {Perez-Gaviro}, S. and {Pivanti}, M. and {Ricci-Tersenghi}, F. and {Ruiz-Lorenzo}, J.~J. and {Schifano}, S.~F. and {Seoane}, B. and {Tarancon}, A. and {Tripiccione}, R. and {Yllanes}, D.},
	Date-Added = {2015-04-30 05:26:47 +0000},
	Date-Modified = {2015-04-30 05:26:47 +0000},
	Eprint = {1403.2622},
	Journal = {ArXiv e-prints},
	Keywords = {Condensed Matter - Disordered Systems and Neural Networks},
	Month = mar,
	Primaryclass = {cond-mat.dis-nn},
	Title = {{The three dimensional Ising spin glass in an external magnetic field: the role of the silent majority}},
	Year = 2014}

@article{Baity-Jesi-etal-2013,
	Author = {Baity-Jesi, M. and Ba\~nos, R. A. and Cruz, A. and Fernandez, L. A. and Gil-Narvion, J. M. and Gordillo-Guerrero, A. and I\~niguez, D. and Maiorano, A. and Mantovani, F. and Marinari, E. and Martin-Mayor, V. and Monforte-Garcia, J. and Sudupe, A. Mu\~noz and Navarro, D. and Parisi, G. and Perez-Gaviro, S. and Pivanti, M. and Ricci-Tersenghi, F. and Ruiz-Lorenzo, J. J. and Schifano, S. F. and Seoane, B. and Tarancon, A. and Tripiccione, R. and Yllanes, D.},
	Collaboration = {Janus Collaboration},
	Date-Added = {2015-04-30 05:26:47 +0000},
	Date-Modified = {2015-04-30 05:26:47 +0000},
	Doi = {10.1103/PhysRevB.88.224416},
	Issue = {22},
	Journal = {Phys. Rev. B},
	Month = {Dec},
	Numpages = {9},
	Pages = {224416},
	Publisher = {American Physical Society},
	Title = {Critical parameters of the three-dimensional Ising spin glass},
	Volume = {88},
	Year = {2013},
	Bdsk-Url-1 = {http://dx.doi.org/10.1103/PhysRevB.88.224416}}

@article{Ballesteros2000,
	Author = {Ballesteros, H. G. and Cruz, A. and Fern\'{a}ndez, L. A. and Mart\'{i}n-Mayor, V. and Pech, J. and Ruiz-Lorenzo, J. J. and Taranc\'{o}n, A. and T\'{e}llez, P. and Ullod, C. L. and Ungil, C.},
	Date-Added = {2015-04-30 05:26:47 +0000},
	Date-Modified = {2015-04-30 05:26:47 +0000},
	Issue = {21},
	Journal = {Phys. Rev. B},
	Month = {Dec},
	Pages = {14237--14245},
	Publisher = {American Physical Society},
	Title = {Critical behavior of the three-dimensional Ising spin glass},
	Volume = {62},
	Year = {2000}}

@article{Alvarez-etal-2010,
	Author = {R Alvarez Ba{\~n}os and A Cruz and L A Fernandez and A Gordillo-Guerrero and J M Gil-Narvion and M Guidetti and A Maiorano and F Mantovani and E Marinari and V Martin-Mayor and J Monforte-Garcia and A Mu{\~n}oz Sudupe and D Navarro and G Parisi and S Perez-Gaviro and J J Ruiz-Lorenzo and B Seoane and S F Schifano and A Tarancon and R Tripiccione and D Yllanes},
	Date-Added = {2015-04-30 05:26:47 +0000},
	Date-Modified = {2015-04-30 05:26:47 +0000},
	Journal = {Journal of Statistical Mechanics: Theory and Experiment},
	Number = {05},
	Pages = {P05002},
	Title = {Critical behavior of three-dimensional disordered Potts models with many states},
	Volume = {2010},
	Year = {2010},
	Bdsk-Url-1 = {http://stacks.iop.org/1742-5468/2010/i=05/a=P05002}}

@article{Banos-2012,
	Author = {Ba{\~n}os, Raquel Alvarez and Cruz, Andres and Fernandez, Luis Antonio and Gil-Narvion, Jose Miguel and Gordillo-Guerrero, Antonio and Guidetti, Marco and I{\~n}iguez, David and Maiorano, Andrea and Marinari, Enzo and Martin-Mayor, Victor and Monforte-Garcia, Jorge and Mu{\~n}oz Sudupe, Antonio and Navarro, Denis and Parisi, Giorgio and Perez-Gaviro, Sergio and Ruiz-Lorenzo, Juan Jesus and Schifano, Sebastiano Fabio and Seoane, Beatriz and Tarancon, Alfonso and Tellez, Pedro and Tripiccione, Raffaele and Yllanes, David},
	Date-Added = {2015-04-30 05:26:47 +0000},
	Date-Modified = {2015-04-30 05:26:47 +0000},
	Doi = {10.1073/pnas.1203295109},
	Journal = {Proceedings of the National Academy of Sciences},
	Number = {17},
	Pages = {6452-6456},
	Title = {Thermodynamic glass transition in a spin glass without time-reversal symmetry},
	Volume = {109},
	Year = {2012},
	Bdsk-Url-1 = {http://www.pnas.org/content/109/17/6452.abstract},
	Bdsk-Url-2 = {http://dx.doi.org/10.1073/pnas.1203295109}}

@article{Barahona-1982,
	Author = {F Barahona},
	Date-Added = {2015-04-30 05:26:47 +0000},
	Date-Modified = {2015-04-30 05:26:47 +0000},
	Journal = {Journal of Physics A: Mathematical and General},
	Number = {10},
	Pages = {3241},
	Title = {On the computational complexity of Ising spin glass models},
	Volume = {15},
	Year = {1982},
	Bdsk-Url-1 = {http://stacks.iop.org/0305-4470/15/i=10/a=028}}

@article{2008CoPhC.178..208B,
	Archiveprefix = {arXiv},
	Author = {{Belletti}, F. and {Cotallo}, M. and {Cruz}, A. and {Fern{\'a}ndez}, L.~A. and {Gordillo}, A. and {Maiorano}, A. and {Mantovani}, F. and {Marinari}, E. and {Mart{\'{\i}}n-Mayor}, V. and {Mu{\~n}oz-Sudupe}, A. and {Navarro}, D. and {P{\'e}rez-Gaviro}, S. and {Ruiz-Lorenzo}, J.~J. and {Schifano}, S.~F. and {Sciretti}, D. and {Taranc{\'o}n}, A. and {Tripiccione}, R. and {Velasco}, J.~L.},
	Date-Added = {2015-04-30 05:26:47 +0000},
	Date-Modified = {2015-04-30 05:26:47 +0000},
	Eprint = {0704.3573},
	Journal = {Computer Physics Communications},
	Keywords = {Monte Carlo methods, Computational methods in statistical physics and nonlinear dynamics, Computer modeling and simulation, Computer systems: hardware, operating systems, computer languages, and utilities},
	Month = feb,
	Pages = {208-216},
	Primaryclass = {cond-mat.dis-nn},
	Title = {{Simulating spin systems on IANUS, an FPGA-based computer}},
	Volume = 178,
	Year = 2008}

@article{2007arXiv0710.3535B,
	Archiveprefix = {arXiv},
	Author = {{Belletti}, F. and {Cotallo}, M. and {Cruz}, A. and {Fern{\'a}ndez}, L.~A. and {Gordillo}, A. and {Guidetti}, M. and {Maiorano}, A. and {Mantovani}, F. and {Marinari}, E. and {Mart{\'{\i}}n-Mayor}, V. and {Mu{\~n}oz-Sudupe}, A. and {Navarro}, D. and {Parisi}, G. and {P{\'e}rez-Gaviro}, S. and {Rossi}, M. and {Ruiz-Lorenzo}, J.~J. and {Schifano}, S.~F. and {Sciretti}, D. and {Taranc{\'o}n}, A. and {Tripiccione}, R. and {Velasco}, J.~L.},
	Date-Added = {2015-04-30 05:26:47 +0000},
	Date-Modified = {2015-04-30 05:26:47 +0000},
	Eprint = {0710.3535},
	Journal = {ArXiv e-prints},
	Keywords = {Computer Science - Architecture},
	Month = oct,
	Primaryclass = {cs.AR},
	Title = {{JANUS: an FPGA-based System for High Performance Scientific Computing}},
	Year = 2007}

@article{2010arXiv1006.2566B,
	Archiveprefix = {arXiv},
	Author = {{Bernaschi}, M. and {Parisi}, G. and {Parisi}, L.},
	Date-Added = {2015-04-30 05:26:47 +0000},
	Date-Modified = {2015-04-30 05:26:47 +0000},
	Eprint = {1006.2566},
	Journal = {ArXiv e-prints},
	Keywords = {Condensed Matter - Disordered Systems and Neural Networks, Computer Science - Distributed, Parallel, and Cluster Computing},
	Month = jun,
	Primaryclass = {cond-mat.dis-nn},
	Title = {{The Heisenberg spin glass model on GPU: myths and actual facts}},
	Year = 2010}

@article{Bhatt-Young-1985,
	Author = {Bhatt, R. N. and Young, A. P.},
	Date-Added = {2015-04-30 05:26:47 +0000},
	Date-Modified = {2015-04-30 05:26:47 +0000},
	Doi = {10.1103/PhysRevLett.54.924},
	Issue = {9},
	Journal = {Phys. Rev. Lett.},
	Month = {Mar},
	Pages = {924--927},
	Publisher = {American Physical Society},
	Title = {Search for a transition in the three-dimensional J Ising spin-glass},
	Volume = {54},
	Year = {1985},
	Bdsk-Url-1 = {http://link.aps.org/doi/10.1103/PhysRevLett.54.924},
	Bdsk-Url-2 = {http://dx.doi.org/10.1103/PhysRevLett.54.924}}

@article{Billoire-etal-2013,
	Author = {Billoire, A. and Fernandez, L. A. and Maiorano, A. and Marinari, E. and Martin-Mayor, V. and Parisi, G. and Ricci-Tersenghi, F. and Ruiz-Lorenzo, J. J. and Yllanes, D.},
	Date-Added = {2015-04-30 05:26:47 +0000},
	Date-Modified = {2015-04-30 05:26:47 +0000},
	Doi = {10.1103/PhysRevLett.110.219701},
	Issue = {21},
	Journal = {Phys. Rev. Lett.},
	Month = {May},
	Numpages = {1},
	Pages = {219701},
	Publisher = {American Physical Society},
	Title = {Comment on ``Evidence of Non-Mean-Field-Like Low-Temperature Behavior in the Edwards-Anderson Spin-Glass Model''},
	Volume = {110},
	Year = {2013},
	Bdsk-Url-1 = {http://link.aps.org/doi/10.1103/PhysRevLett.110.219701},
	Bdsk-Url-2 = {http://dx.doi.org/10.1103/PhysRevLett.110.219701}}

@article{Binder-Young-1986,
	Author = {Binder, K. and Young, A. P.},
	Date-Added = {2015-04-30 05:26:47 +0000},
	Date-Modified = {2015-04-30 05:26:47 +0000},
	Issue = {4},
	Journal = {Rev. Mod. Phys.},
	Month = {Oct},
	Pages = {801--976},
	Publisher = {American Physical Society},
	Title = {Spin glasses: Experimental facts, theoretical concepts, and open questions},
	Volume = {58},
	Year = {1986}}

@article{2010CoPhC.181.1549B,
	Archiveprefix = {arXiv},
	Author = {{Block}, B. and {Virnau}, P. and {Preis}, T.},
	Date-Added = {2015-04-30 05:26:47 +0000},
	Date-Modified = {2015-04-30 05:26:47 +0000},
	Eprint = {1007.3726},
	Journal = {Computer Physics Communications},
	Month = sep,
	Pages = {1549-1556},
	Primaryclass = {physics.comp-ph},
	Title = {{Multi-GPU accelerated multi-spin Monte Carlo simulations of the 2D Ising model}},
	Volume = 181,
	Year = 2010}

@article{Bokil-etal-1999,
	Author = {Bokil, Hemant and Bray, A. J. and Drossel, Barbara and Moore, M. A.},
	Date-Added = {2015-04-30 05:26:47 +0000},
	Date-Modified = {2015-04-30 05:26:47 +0000},
	Doi = {10.1103/PhysRevLett.82.5174},
	Issue = {25},
	Journal = {Phys. Rev. Lett.},
	Month = {Jun},
	Pages = {5174--5174},
	Publisher = {American Physical Society},
	Title = {Comment on ``General Method to Determine Replica Symmetry Breaking Transitions''},
	Volume = {82},
	Year = {1999},
	Bdsk-Url-1 = {http://link.aps.org/doi/10.1103/PhysRevLett.82.5174},
	Bdsk-Url-2 = {http://dx.doi.org/10.1103/PhysRevLett.82.5174}}

@article{Bray-Moore-1980,
	Author = {A J Bray and M A Moore},
	Date-Added = {2015-04-30 05:26:47 +0000},
	Date-Modified = {2015-04-30 05:26:47 +0000},
	Journal = {Journal of Physics C: Solid State Physics},
	Number = {19},
	Pages = {L469},
	Title = {Metastable states in spin glasses},
	Volume = {13},
	Year = {1980},
	Bdsk-Url-1 = {http://stacks.iop.org/0022-3719/13/i=19/a=002}}

@article{Bray-Moore-1978,
	Author = {Bray, A. J. and Moore, M. A.},
	Date-Added = {2015-04-30 05:26:47 +0000},
	Date-Modified = {2015-04-30 05:26:47 +0000},
	Issue = {15},
	Journal = {Phys. Rev. Lett.},
	Month = {Oct},
	Numpages = {0},
	Pages = {1068--1072},
	Publisher = {American Physical Society},
	Title = {Replica-Symmetry Breaking in Spin-Glass Theories},
	Volume = {41},
	Year = {1978}}

@incollection{Bray-Moore-1987,
	Author = {Bray, AJ and Moore, MA},
	Booktitle = {Heidelberg Colloquium on Glassy Dynamics},
	Date-Added = {2015-04-30 05:26:47 +0000},
	Date-Modified = {2015-04-30 05:26:47 +0000},
	Doi = {10.1007/BFb0057515},
	Editor = {Hemmen, J.L. and Morgenstern, I.},
	Pages = {121-153},
	Publisher = {Springer Berlin Heidelberg},
	Series = {Lecture Notes in Physics},
	Title = {Scaling theory of the ordered phase of spin glasses},
	Volume = {275},
	Year = {1987},
	Bdsk-Url-1 = {http://dx.doi.org/10.1007/BFb0057515}}

@article{Ciria-etal-1993,
	Author = {Ciria, J. C. and Parisi, G. and Ritort, F. and Ruiz-Lorenzo, J. J.},
	Date-Added = {2015-04-30 05:26:47 +0000},
	Date-Modified = {2015-04-30 05:26:47 +0000},
	Journal = {Journal de Physique I (France)},
	Pages = {2207},
	Title = {The de Almeida-Thouless line in the four dimensional Ising spin glass},
	Volume = {3},
	Year = {1993}}

@inproceedings{TheJanusCollaboration:2012:JFS:2322156.2322158,
	Acmid = {2322158},
	Address = {New York, NY, USA},
	Articleno = {2},
	Author = {The Janus Collaboration},
	Booktitle = {Proceedings of the Future HPC Systems: the Challenges of Power-Constrained Performance},
	Date-Added = {2015-04-30 05:26:47 +0000},
	Date-Modified = {2015-04-30 05:26:47 +0000},
	Isbn = {978-1-4503-1453-4},
	Keywords = {FPGA, large scale simulations},
	Location = {Venezia, Italy},
	Numpages = {11},
	Pages = {2:1--2:11},
	Publisher = {ACM},
	Series = {FutureHPC '12},
	Title = {Janus2: an FPGA-based supercomputer for spin glass simulations},
	Year = {2012}}

@article{Condon-Ogielski-1985,
	Author = {J. H. Condon and A. T. Ogielski},
	Date-Added = {2015-04-30 05:26:47 +0000},
	Date-Modified = {2015-04-30 05:26:47 +0000},
	Doi = {10.1063/1.1138125},
	Journal = {Review of Scientific Instruments},
	Keywords = {DESIGN; OPERATION; MONTE CARLO METHOD; COMPUTERS; ALGORITHMS; ISING MODEL; STATISTICAL MECHANICS},
	Number = {9},
	Pages = {1691-1696},
	Publisher = {AIP},
	Title = {Fast special purpose computer for {Monte Carlo} simulations in statistical physics},
	Volume = {56},
	Year = {1985},
	Bdsk-Url-1 = {http://link.aip.org/link/?RSI/56/1691/1},
	Bdsk-Url-2 = {http://dx.doi.org/10.1063/1.1138125}}

@article{Contucci-etal-2009,
	Author = {Contucci, Pierluigi and Giardin\`a, Cristian and Giberti, Claudio and Parisi, Giorgio and Vernia, Cecilia},
	Date-Added = {2015-04-30 05:26:47 +0000},
	Date-Modified = {2015-04-30 05:26:47 +0000},
	Doi = {10.1103/PhysRevLett.103.017201},
	Issue = {1},
	Journal = {Phys. Rev. Lett.},
	Month = {Jul},
	Numpages = {4},
	Pages = {017201},
	Publisher = {American Physical Society},
	Title = {Structure of Correlations in Three Dimensional Spin Glasses},
	Volume = {103},
	Year = {2009},
	Bdsk-Url-1 = {http://link.aps.org/doi/10.1103/PhysRevLett.103.017201},
	Bdsk-Url-2 = {http://dx.doi.org/10.1103/PhysRevLett.103.017201}}

@article{Contucci-etal-2007,
	Author = {Contucci, Pierluigi and Giardin\`a, Cristian and Giberti, Claudio and Parisi, Giorgio and Vernia, Cecilia},
	Date-Added = {2015-04-30 05:26:47 +0000},
	Date-Modified = {2015-04-30 05:26:47 +0000},
	Doi = {10.1103/PhysRevLett.99.057206},
	Issue = {5},
	Journal = {Phys. Rev. Lett.},
	Month = {Jul},
	Numpages = {4},
	Pages = {057206},
	Publisher = {American Physical Society},
	Title = {Ultrametricity in the Edwards-Anderson Model},
	Volume = {99},
	Year = {2007},
	Bdsk-Url-1 = {http://link.aps.org/doi/10.1103/PhysRevLett.99.057206},
	Bdsk-Url-2 = {http://dx.doi.org/10.1103/PhysRevLett.99.057206}}

@article{PhysRevLett.42.1390,
	Author = {Creutz, Michael and Jacobs, Laurence and Rebbi, Claudio},
	Date-Added = {2015-04-30 05:26:47 +0000},
	Date-Modified = {2015-04-30 05:26:47 +0000},
	Issue = {21},
	Journal = {Phys. Rev. Lett.},
	Month = {May},
	Pages = {1390--1393},
	Publisher = {American Physical Society},
	Title = {Experiments with a Gauge-Invariant Ising System},
	Volume = {42},
	Year = {1979}}

@article{Cruz-2001,
	Author = {A Cruz and J Pech and A Taranc{\'o}n and P T{\'e}llez and C.L Ullod and C Ungil},
	Date-Added = {2015-04-30 05:26:47 +0000},
	Date-Modified = {2015-04-30 05:26:47 +0000},
	Doi = {http://dx.doi.org/10.1016/S0010-4655(00)00170-3},
	Issn = {0010-4655},
	Journal = {Computer Physics Communications},
	Keywords = {Programmable logic},
	Number = {2--3},
	Pages = {165 - 176},
	Title = {{SUE: A special purpose computer for spin glass models}},
	Volume = {133},
	Year = {2001},
	Bdsk-Url-1 = {http://www.sciencedirect.com/science/article/pii/S0010465500001703},
	Bdsk-Url-2 = {http://dx.doi.org/10.1016/S0010-4655(00)00170-3}}

@inproceedings{Datta:2008:SCO:1413370.1413375,
	Acmid = {1413375},
	Address = {Piscataway, NJ, USA},
	Articleno = {4},
	Author = {Datta, Kaushik and Murphy, Mark and Volkov, Vasily and Williams, Samuel and Carter, Jonathan and Oliker, Leonid and Patterson, David and Shalf, John and Yelick, Katherine},
	Booktitle = {Proceedings of the 2008 ACM/IEEE conference on Supercomputing},
	Date-Added = {2015-04-30 05:26:47 +0000},
	Date-Modified = {2015-04-30 05:26:47 +0000},
	Isbn = {978-1-4244-2835-9},
	Location = {Austin, Texas},
	Numpages = {12},
	Pages = {4:1--4:12},
	Publisher = {IEEE Press},
	Series = {SC '08},
	Title = {Stencil computation optimization and auto-tuning on state-of-the-art multicore architectures},
	Year = {2008}}

@book{Diep-2004,
	Author = {Diep, H.T.},
	Date-Added = {2015-04-30 05:26:47 +0000},
	Date-Modified = {2015-04-30 05:26:47 +0000},
	Publisher = {World Scientific},
	Title = {Frustrated Spin Systems},
	Year = {2004}}

@article{2005PCCP....7.3910E,
	Author = {{Earl}, D.~J. and {Deem}, M.~W.},
	Date-Added = {2015-04-30 05:26:47 +0000},
	Date-Modified = {2015-04-30 05:26:47 +0000},
	Eprint = {arXiv:physics/0508111},
	Journal = {Physical Chemistry Chemical Physics (Incorporating Faraday Transactions)},
	Pages = {3910},
	Title = {{Parallel tempering: Theory, applications, and new perspectives}},
	Volume = 7,
	Year = 2005}

@article{Edwards-Anderson-1975,
	Author = {S F Edwards and P W Anderson},
	Date-Added = {2015-04-30 05:26:47 +0000},
	Date-Modified = {2015-04-30 05:26:47 +0000},
	Journal = {Journal of Physics F: Metal Physics},
	Number = {5},
	Pages = {965},
	Title = {Theory of spin glasses},
	Volume = {5},
	Year = {1975}}

@article{Fang-Feng-Tam-etal-2013,
	Adsnote = {Provided by the SAO/NASA Astrophysics Data System},
	Adsurl = {http://adsabs.harvard.edu/abs/2013arXiv1311.5582F},
	Archiveprefix = {arXiv},
	Author = {{Fang}, Y. and {Feng}, S. and {Tam}, K.-M. and {Yun}, Z. and {Moreno}, J. and {Ramanujam}, J. and {Jarrell}, M.},
	Date-Added = {2015-04-30 05:26:47 +0000},
	Date-Modified = {2015-04-30 05:26:47 +0000},
	Eprint = {1311.5582},
	Journal = {ArXiv e-prints},
	Keywords = {Condensed Matter - Disordered Systems and Neural Networks},
	Month = nov,
	Primaryclass = {cond-mat.dis-nn},
	Title = {{Parallel Tempering Simulation of the three-dimensional Edwards-Anderson Model with Compact Asynchronous Multispin Coding on GPU}},
	Year = 2013}

@article{Fernandez-etal-2013,
	Author = {L. A. Fernandez and V. Martin-Mayor and G. Parisi and B. Seoane},
	Date-Added = {2015-04-30 05:26:47 +0000},
	Date-Modified = {2015-04-30 05:26:47 +0000},
	Journal = {EPL (Europhysics Letters)},
	Number = {6},
	Pages = {67003},
	Title = {Temperature chaos in 3D Ising spin glasses is driven by rare events},
	Volume = {103},
	Year = {2013}}

@article{PhysRevLett.69.3382,
	Author = {Ferrenberg, Alan M. and Landau, D. P. and Wong, Y. Joanna},
	Date-Added = {2015-04-30 05:26:47 +0000},
	Date-Modified = {2015-04-30 05:26:47 +0000},
	Issue = {23},
	Journal = {Phys. Rev. Lett.},
	Month = {Dec},
	Pages = {3382--3384},
	Publisher = {American Physical Society},
	Title = {Monte Carlo simulations: Hidden errors from ``good'' random number generators},
	Volume = {69},
	Year = {1992}}

@book{Fischer-Hertz-1993,
	Author = {Fischer, K.H. and Hertz, J.A.},
	Date-Added = {2015-04-30 05:26:47 +0000},
	Date-Modified = {2015-04-30 05:26:47 +0000},
	Isbn = {9780521447775},
	Lccn = {89077391},
	Publisher = {Cambridge University Press},
	Series = {Cambridge Studies in Magnetism},
	Title = {Spin Glasses},
	Year = {1993}}

@article{Fisher-Huse-1987,
	Author = {D S Fisher and D A Huse},
	Date-Added = {2015-04-30 05:26:47 +0000},
	Date-Modified = {2015-04-30 05:26:47 +0000},
	Journal = {Journal of Physics A: Mathematical and General},
	Number = {15},
	Pages = {L1005},
	Title = {Absence of many states in realistic spin glasses},
	Volume = {20},
	Year = {1987}}

@article{Fisher-Huse-1988,
	Author = {Fisher, Daniel S. and Huse, David A.},
	Date-Added = {2015-04-30 05:26:47 +0000},
	Date-Modified = {2015-04-30 05:26:47 +0000},
	Doi = {10.1103/PhysRevB.38.386},
	Issue = {1},
	Journal = {Phys. Rev. B},
	Month = {Jul},
	Pages = {386--411},
	Publisher = {American Physical Society},
	Title = {Equilibrium behavior of the spin-glass ordered phase},
	Volume = {38},
	Year = {1988},
	Bdsk-Url-1 = {http://link.aps.org/doi/10.1103/PhysRevB.38.386},
	Bdsk-Url-2 = {http://dx.doi.org/10.1103/PhysRevB.38.386}}

@article{Green-Moore-Bray-1983,
	Author = {J E Green and M A Moore and A J Bray},
	Date-Added = {2015-04-30 05:26:47 +0000},
	Date-Modified = {2015-04-30 05:26:47 +0000},
	Journal = {Journal of Physics C: Solid State Physics},
	Number = {22},
	Pages = {L815},
	Title = {Upper critical dimension for the de Almeida-Thouless instability in spin glasses},
	Volume = {16},
	Year = {1983}}

@article{Guerra-2003,
	Author = {Guerra, Francesco},
	Date-Added = {2015-04-30 05:26:47 +0000},
	Date-Modified = {2015-04-30 05:26:47 +0000},
	Doi = {10.1007/s00220-002-0773-5},
	Journal = {Communications in Mathematical Physics},
	Language = {English},
	Number = {1},
	Pages = {1-12},
	Publisher = {Springer-Verlag},
	Title = {Broken Replica Symmetry Bounds in the Mean Field Spin Glass Model},
	Volume = {233},
	Year = {2003},
	Bdsk-Url-1 = {http://dx.doi.org/10.1007/s00220-002-0773-5}}

@article{Harris-Lubensky-Chen-1976,
	Author = {Harris, A. B. and Lubensky, T. C. and Chen, Jing-Huei},
	Date-Added = {2015-04-30 05:26:47 +0000},
	Date-Modified = {2015-04-30 05:26:47 +0000},
	Doi = {10.1103/PhysRevLett.36.415},
	Issue = {8},
	Journal = {Phys. Rev. Lett.},
	Month = {Feb},
	Pages = {415--418},
	Publisher = {American Physical Society},
	Title = {Critical Properties of Spin-Glasses},
	Volume = {36},
	Year = {1976},
	Bdsk-Url-1 = {http://link.aps.org/doi/10.1103/PhysRevLett.36.415},
	Bdsk-Url-2 = {http://dx.doi.org/10.1103/PhysRevLett.36.415}}

@article{Hasenbusch-etal-2008,
	Author = {Hasenbusch, Martin and Pelissetto, Andrea and Vicari, Ettore},
	Date-Added = {2015-04-30 05:26:47 +0000},
	Date-Modified = {2015-04-30 05:26:47 +0000},
	Doi = {10.1103/PhysRevB.78.214205},
	Issue = {21},
	Journal = {Phys. Rev. B},
	Month = {Dec},
	Numpages = {23},
	Pages = {214205},
	Publisher = {American Physical Society},
	Title = {Critical behavior of three-dimensional Ising spin glass models},
	Volume = {78},
	Year = {2008},
	Bdsk-Url-1 = {http://dx.doi.org/10.1103/PhysRevB.78.214205}}

@article{Hatano-Gubernatis-2002,
	Author = {Hatano, Naomichi and Gubernatis, J. E.},
	Date-Added = {2015-04-30 05:26:47 +0000},
	Date-Modified = {2015-04-30 05:26:47 +0000},
	Doi = {10.1103/PhysRevB.66.054437},
	Issue = {5},
	Journal = {Phys. Rev. B},
	Month = {Aug},
	Numpages = {14},
	Pages = {054437},
	Publisher = {American Physical Society},
	Title = {Evidence for the double degeneracy of the ground state in the three-dimensional $\ifmmode\pm\else\textpm\fi{}J$ spin glass},
	Volume = {66},
	Year = {2002},
	Bdsk-Url-1 = {http://link.aps.org/doi/10.1103/PhysRevB.66.054437},
	Bdsk-Url-2 = {http://dx.doi.org/10.1103/PhysRevB.66.054437}}

@article{CSTN-093,
	Author = {K. A. Hawick and A. Leist and D. P. Playne},
	Date-Added = {2015-04-30 05:26:47 +0000},
	Date-Modified = {2015-04-30 05:26:47 +0000},
	Institution = {Computer Science, Massey University},
	Journal = {Int. J. Parallel Prog.},
	Keywords = {GPGPU, Simulation, Monte Carlo},
	Number = {CSTN-093},
	Pages = {183-201},
	Timestamp = {2009.09.06},
	Title = {{Regular Lattice and Small-World Spin Model Simulations using CUDA and GPUs}},
	Volume = {39},
	Year = {2011}}

@article{DBLP:journals/ijpp/HawickLP11,
	Author = {Kenneth A. Hawick and Arno Leist and Daniel P. Playne},
	Date-Added = {2015-04-30 05:26:47 +0000},
	Date-Modified = {2015-04-30 05:26:47 +0000},
	Journal = {International Journal of Parallel Programming},
	Number = {2},
	Pages = {183-201},
	Title = {Regular Lattice and Small-World Spin Model Simulations Using CUDA and GPUs},
	Volume = {39},
	Year = {2011}}

@article{Hed-Young-Domany-2004,
	Author = {Hed, Guy and Young, A. P. and Domany, Eytan},
	Date-Added = {2015-04-30 05:26:47 +0000},
	Date-Modified = {2015-04-30 05:26:47 +0000},
	Doi = {10.1103/PhysRevLett.92.157201},
	Issue = {15},
	Journal = {Phys. Rev. Lett.},
	Month = {Apr},
	Numpages = {4},
	Pages = {157201},
	Publisher = {American Physical Society},
	Title = {Lack of Ultrametricity in the Low-Temperature Phase of Three-Dimensional Ising Spin Glasses},
	Volume = {92},
	Year = {2004},
	Bdsk-Url-1 = {http://link.aps.org/doi/10.1103/PhysRevLett.92.157201},
	Bdsk-Url-2 = {http://dx.doi.org/10.1103/PhysRevLett.92.157201}}

@article{Houdayer-Martin-1999,
	Author = {Houdayer, J. and Martin, O. C.},
	Date-Added = {2015-04-30 05:26:47 +0000},
	Date-Modified = {2015-04-30 05:26:47 +0000},
	Doi = {10.1103/PhysRevLett.82.4934},
	Issue = {24},
	Journal = {Phys. Rev. Lett.},
	Month = {Jun},
	Pages = {4934--4937},
	Publisher = {American Physical Society},
	Title = {Ising Spin Glasses in a Magnetic Field},
	Volume = {82},
	Year = {1999},
	Bdsk-Url-1 = {http://link.aps.org/doi/10.1103/PhysRevLett.82.4934},
	Bdsk-Url-2 = {http://dx.doi.org/10.1103/PhysRevLett.82.4934}}

@misc{avx,
	Author = {Intel},
	Date-Added = {2015-04-30 05:26:47 +0000},
	Date-Modified = {2015-04-30 05:26:47 +0000},
	Title = {Intel Advanced Vector Extensions programming reference},
	Year = {2008}}

@article{Jorg-Katzgraber-Krzakala-2008,
	Author = {J\"org, Thomas and Katzgraber, Helmut G. and Krzakala, Florent},
	Date-Added = {2015-04-30 05:26:47 +0000},
	Date-Modified = {2015-04-30 05:26:47 +0000},
	Doi = {10.1103/PhysRevLett.100.197202},
	Issue = {19},
	Journal = {Phys. Rev. Lett.},
	Month = {May},
	Numpages = {4},
	Pages = {197202},
	Publisher = {American Physical Society},
	Title = {{Behavior of Ising Spin Glasses in a Magnetic Field}},
	Volume = {100},
	Year = {2008},
	Bdsk-Url-1 = {http://link.aps.org/doi/10.1103/PhysRevLett.100.197202},
	Bdsk-Url-2 = {http://dx.doi.org/10.1103/PhysRevLett.100.197202}}

@article{2012arXiv1204.4134J,
	Archiveprefix = {arXiv},
	Author = {{Janus Collaboration} and {Baity-Jesi}, M. and {Banos}, R.~A. and {Cruz}, A. and {Fernandez}, L.~A. and {Gil-Narvion}, J.~M. and {Gordillo-Guerrero}, A. and {Guidetti}, M. and {Iniguez}, D. and {Maiorano}, A. and {Mantovani}, F. and {Marinari}, E. and {Martin-Mayor}, V. and {Monforte-Garcia}, J. and {Munoz Sudupe}, A. and {Navarro}, D. and {Parisi}, G. and {Pivanti}, M. and {Perez-Gaviro}, S. and {Ricci-Tersenghi}, F. and {Ruiz-Lorenzo}, J.~J. and {Schifano}, S.~F. and {Seoane}, B. and {Tarancon}, A. and {Tellez}, P. and {Tripiccione}, R. and {Yllanes}, D.},
	Date-Added = {2015-04-30 05:26:47 +0000},
	Date-Modified = {2015-04-30 05:26:47 +0000},
	Eprint = {1204.4134},
	Journal = {ArXiv e-prints},
	Keywords = {Condensed Matter - Disordered Systems and Neural Networks, Computer Science - Hardware Architecture},
	Month = apr,
	Primaryclass = {cond-mat.dis-nn},
	Title = {{Reconfigurable computing for Monte Carlo simulations: results and prospects of the Janus project}},
	Year = 2012}

@article{2012arXiv1202.5593J,
	Archiveprefix = {arXiv},
	Author = {{Janus Collaboration} and {Ba{\~n}os}, R.~A. and {Cruz}, A. and {Fernandez}, L.~A. and {Gil-Narvion}, J.~M. and {Gordillo-Guerrero}, A. and {Guidetti}, M. and {I{\~n}iguez}, D. and {Maiorano}, A. and {Marinari}, E. and {Martin-Mayor}, V. and {Monforte-Garcia}, J. and {Mu{\~n}oz Sudupe}, A. and {Navarro}, D. and {Parisi}, G. and {Perez-Gaviro}, S. and {Ruiz-Lorenzo}, J.~J. and {Schifano}, S.~F. and {Seoane}, B. and {Tarancon}, A. and {Tellez}, P. and {Tripiccione}, R. and {Yllanes}, D.},
	Date-Added = {2015-04-30 05:26:47 +0000},
	Date-Modified = {2015-04-30 05:26:47 +0000},
	Eprint = {1202.5593},
	Journal = {ArXiv e-prints},
	Keywords = {Condensed Matter - Disordered Systems and Neural Networks, Condensed Matter - Statistical Mechanics},
	Month = feb,
	Primaryclass = {cond-mat.dis-nn},
	Title = {{Thermodynamic glass transition in a spin glass without time-reversal symmetry}},
	Year = 2012}

@article{2012arXiv1208.3181K,
	Archiveprefix = {arXiv},
	Author = {{Karmakar}, S. and {Parisi}, G.},
	Date-Added = {2015-04-30 05:26:47 +0000},
	Date-Modified = {2015-04-30 05:26:47 +0000},
	Eprint = {1208.3181},
	Journal = {ArXiv e-prints},
	Keywords = {Condensed Matter - Statistical Mechanics, Condensed Matter - Disordered Systems and Neural Networks},
	Month = aug,
	Primaryclass = {cond-mat.stat-mech},
	Title = {{Random Pinning Glass Model}},
	Year = 2012}

@article{Katzgraber-2008,
	Author = {H G Katzgraber},
	Date-Added = {2015-04-30 05:26:47 +0000},
	Date-Modified = {2015-04-30 05:26:47 +0000},
	Journal = {Journal of Physics: Conference Series},
	Number = {1},
	Pages = {012004},
	Title = {{Spin glasses and algorithm benchmarks: A one-dimensional view}},
	Volume = {95},
	Year = {2008},
	Bdsk-Url-1 = {http://stacks.iop.org/1742-6596/95/i=1/a=012004}}

@article{2010arXiv1005.4117K,
	Archiveprefix = {arXiv},
	Author = {{Katzgraber}, H.~G.},
	Date-Added = {2015-04-30 05:26:47 +0000},
	Date-Modified = {2015-04-30 05:26:47 +0000},
	Eprint = {1005.4117},
	Journal = {ArXiv e-prints},
	Keywords = {Physics - Computational Physics, Computer Science - Mathematical Software, Computer Science - Numerical Analysis, Physics - Data Analysis, Statistics and Probability},
	Month = may,
	Primaryclass = {physics.comp-ph},
	Title = {{Random Numbers in Scientific Computing: An Introduction}},
	Year = 2010}

@article{2009arXiv0905.1629K,
	Archiveprefix = {arXiv},
	Author = {{Katzgraber}, H.~G.},
	Date-Added = {2015-04-30 05:26:47 +0000},
	Date-Modified = {2015-04-30 05:26:47 +0000},
	Eprint = {0905.1629},
	Journal = {ArXiv e-prints},
	Keywords = {Condensed Matter - Statistical Mechanics, Physics - Computational Physics},
	Month = may,
	Primaryclass = {cond-mat.stat-mech},
	Title = {{Introduction to Monte Carlo Methods}},
	Year = 2009}

@article{2006PhRvB..73v4432K,
	Author = {{Katzgraber}, H.~G. and {K{\"o}rner}, M. and {Young}, A.~P.},
	Date-Added = {2015-04-30 05:26:47 +0000},
	Date-Modified = {2015-04-30 05:26:47 +0000},
	Eid = {224432},
	Eprint = {arXiv:cond-mat/0602212},
	Journal = {Phys. Rev. B, 73, 224432 (2006)},
	Keywords = {Spin glasses and other random magnets, Numerical simulation studies, Lattice theory and statistics},
	Month = jun,
	Number = 22,
	Pages = {224432},
	Title = {{Universality in three-dimensional Ising spin glasses: A Monte Carlo study}},
	Volume = 73,
	Year = 2006}

@article{Katzgraber-Young-2003b,
	Author = {Katzgraber, Helmut G. and Young, A. P.},
	Date-Added = {2015-04-30 05:26:47 +0000},
	Date-Modified = {2015-04-30 05:26:47 +0000},
	Doi = {10.1103/PhysRevB.68.224408},
	Issue = {22},
	Journal = {Phys. Rev. B},
	Month = {Dec},
	Numpages = {6},
	Pages = {224408},
	Publisher = {American Physical Society},
	Title = {Geometry of large-scale low-energy excitations in the one-dimensional Ising spin glass with power-law interactions},
	Volume = {68},
	Year = {2003},
	Bdsk-Url-1 = {http://dx.doi.org/10.1103/PhysRevB.68.224408}}

@article{Katzgraber-Young-2003a,
	Author = {Katzgraber, Helmut G. and Young, A. P.},
	Date-Added = {2015-04-30 05:26:47 +0000},
	Date-Modified = {2015-04-30 05:26:47 +0000},
	Doi = {10.1103/PhysRevB.67.134410},
	Issue = {13},
	Journal = {Phys. Rev. B},
	Month = {Apr},
	Numpages = {8},
	Pages = {134410},
	Publisher = {American Physical Society},
	Title = {Monte Carlo studies of the one-dimensional Ising spin glass with power-law interactions},
	Volume = {67},
	Year = {2003},
	Bdsk-Url-1 = {http://dx.doi.org/10.1103/PhysRevB.67.134410}}

@article{Katzgraber-Larson-Young-2009,
	Author = {Katzgraber, Helmut G. and Larson, Derek and Young, A. P.},
	Date-Added = {2015-04-30 05:26:47 +0000},
	Date-Modified = {2015-04-30 05:26:47 +0000},
	Doi = {10.1103/PhysRevLett.102.177205},
	Issue = {17},
	Journal = {Phys. Rev. Lett.},
	Month = {Apr},
	Numpages = {4},
	Pages = {177205},
	Publisher = {American Physical Society},
	Title = {Study of the de Almeida\char21{}Thouless Line Using Power-Law Diluted One-Dimensional Ising Spin Glasses},
	Volume = {102},
	Year = {2009},
	Bdsk-Url-1 = {http://link.aps.org/doi/10.1103/PhysRevLett.102.177205},
	Bdsk-Url-2 = {http://dx.doi.org/10.1103/PhysRevLett.102.177205}}

@article{Katzgraber-Hartmann-2009,
	Author = {Katzgraber, Helmut G. and Hartmann, Alexander K.},
	Date-Added = {2015-04-30 05:26:47 +0000},
	Date-Modified = {2015-04-30 05:26:47 +0000},
	Doi = {10.1103/PhysRevLett.102.037207},
	Issue = {3},
	Journal = {Phys. Rev. Lett.},
	Month = {Jan},
	Numpages = {4},
	Pages = {037207},
	Publisher = {American Physical Society},
	Title = {Ultrametricity and Clustering of States in Spin Glasses: A One-Dimensional View},
	Volume = {102},
	Year = {2009},
	Bdsk-Url-1 = {http://link.aps.org/doi/10.1103/PhysRevLett.102.037207},
	Bdsk-Url-2 = {http://dx.doi.org/10.1103/PhysRevLett.102.037207}}

@article{Katzgraber-etal-2007,
	Author = {Katzgraber, Helmut G. and Krza\ifmmode \mbox{\c{}}\else \c{}\fi{}ka\l{}a, Florent},
	Date-Added = {2015-04-30 05:26:47 +0000},
	Date-Modified = {2015-04-30 05:26:47 +0000},
	Doi = {10.1103/PhysRevLett.98.017201},
	Issue = {1},
	Journal = {Phys. Rev. Lett.},
	Month = {Jan},
	Numpages = {4},
	Pages = {017201},
	Publisher = {American Physical Society},
	Title = {Temperature and Disorder Chaos in Three-Dimensional Ising Spin Glasses},
	Volume = {98},
	Year = {2007},
	Bdsk-Url-1 = {http://dx.doi.org/10.1103/PhysRevLett.98.017201}}

@article{Katzgraber-2012,
	Author = {Katzgraber, Helmut G. and J\"org, Thomas and Krzkala, Florent and Hartmann, Alexander K.},
	Date-Added = {2015-04-30 05:26:47 +0000},
	Date-Modified = {2015-04-30 05:26:47 +0000},
	Doi = {10.1103/PhysRevB.86.184405},
	Issue = {18},
	Journal = {Phys. Rev. B},
	Month = {Nov},
	Numpages = {5},
	Pages = {184405},
	Publisher = {American Physical Society},
	Title = {Ultrametric probe of the spin-glass state in a field},
	Volume = {86},
	Year = {2012},
	Bdsk-Url-1 = {http://link.aps.org/doi/10.1103/PhysRevB.86.184405},
	Bdsk-Url-2 = {http://dx.doi.org/10.1103/PhysRevB.86.184405}}

@article{1996cond.mat..1140K,
	Author = {{Kikuchi}, M. and {Okabe}, Y.},
	Date-Added = {2015-04-30 05:26:47 +0000},
	Date-Modified = {2015-04-30 05:26:47 +0000},
	Eprint = {arXiv:cond-mat/9601140},
	Journal = {eprint arXiv:cond-mat/9601140},
	Keywords = {Condensed Matter},
	Month = jan,
	Title = {{Multi-Spin Coding of the Monte Carlo Simulation of the Three-State Random Potts Model and the Block-Spin Transformation}},
	Year = 1996}

@book{Kirk:2010:PMP:1841511,
	Address = {San Francisco, CA, USA},
	Author = {Kirk, David B. and Hwu, Wen-mei W.},
	Date-Added = {2015-04-30 05:26:47 +0000},
	Date-Modified = {2015-04-30 05:26:47 +0000},
	Edition = {1st},
	Isbn = {0123814723, 9780123814722},
	Publisher = {Morgan Kaufmann Publishers Inc.},
	Title = {Programming Massively Parallel Processors: A Hands-on Approach},
	Year = {2010}}

@book{whole-set,
	Author = {Donald E. Knuth},
	Date-Added = {2015-04-30 05:26:47 +0000},
	Date-Modified = {2015-04-30 05:26:47 +0000},
	Note = {Seven volumes planned (this is a cross-referenced set of BOOKs)},
	Publisher = {Addison-Wesley},
	Series = {Four volumes},
	Title = {The Art of Computer Programming},
	Year = {{\noopsort{1973a}}{\switchargs{--90}{1968}}}}

@inbook{inbook-minimal,
	Author = {Donald E. Knuth},
	Chapter = {1.2},
	Date-Added = {2015-04-30 05:26:47 +0000},
	Date-Modified = {2015-04-30 05:26:47 +0000},
	Publisher = {Addison-Wesley},
	Title = {Fundamental Algorithms},
	Year = {{\noopsort{1973b}}1973}}

@inbook{inbook-full,
	Address = {Reading, Massachusetts},
	Author = {Donald E. Knuth},
	Chapter = {1.2},
	Date-Added = {2015-04-30 05:26:47 +0000},
	Date-Modified = {2015-04-30 05:26:47 +0000},
	Edition = {Second},
	Month = {10~} # jan,
	Note = {This is a full INBOOK entry},
	Pages = {10--119},
	Publisher = {Addison-Wesley},
	Series = {The Art of Computer Programming},
	Title = {Fundamental Algorithms},
	Type = {Section},
	Volume = 1,
	Year = {{\noopsort{1973b}}1973}}

@inbook{inbook-crossref,
	Chapter = {1.2},
	Crossref = {whole-set},
	Date-Added = {2015-04-30 05:26:47 +0000},
	Date-Modified = {2015-04-30 05:26:47 +0000},
	Edition = {Second},
	Note = {This is a cross-referencing INBOOK entry},
	Series = {The Art of Computer Programming},
	Title = {Fundamental Algorithms},
	Type = {Section},
	Volume = 1,
	Year = {{\noopsort{1973b}}1973}}

@book{book-minimal,
	Author = {Donald E. Knuth},
	Date-Added = {2015-04-30 05:26:47 +0000},
	Date-Modified = {2015-04-30 05:26:47 +0000},
	Publisher = {Addison-Wesley},
	Title = {Seminumerical Algorithms},
	Year = {{\noopsort{1973c}}1981}}

@book{book-full,
	Address = {Reading, Massachusetts},
	Author = {Donald E. Knuth},
	Date-Added = {2015-04-30 05:26:47 +0000},
	Date-Modified = {2015-04-30 05:26:47 +0000},
	Edition = {Second},
	Month = {10~} # jan,
	Note = {This is a full BOOK entry},
	Publisher = {Addison-Wesley},
	Series = {The Art of Computer Programming},
	Title = {Seminumerical Algorithms},
	Volume = 2,
	Year = {{\noopsort{1973c}}1981}}

@book{book-crossref,
	Crossref = {whole-set},
	Date-Added = {2015-04-30 05:26:47 +0000},
	Date-Modified = {2015-04-30 05:26:47 +0000},
	Edition = {Second},
	Note = {This is a cross-referencing BOOK entry},
	Series = {The Art of Computer Programming},
	Title = {Seminumerical Algorithms},
	Volume = 2,
	Year = {{\noopsort{1973c}}1981}}

@booklet{booklet-full,
	Address = {Stanford, California},
	Author = {Jill C. Knvth},
	Date-Added = {2015-04-30 05:26:47 +0000},
	Date-Modified = {2015-04-30 05:26:47 +0000},
	Howpublished = {Vernier Art Center},
	Month = feb,
	Note = {This is a full BOOKLET entry},
	Title = {The Programming of Computer Art},
	Year = 1988}

@article{kofke2002,
	Author = {Kofke, David A.},
	Date-Added = {2015-04-30 05:26:47 +0000},
	Date-Modified = {2015-04-30 05:26:47 +0000},
	Doi = {http://dx.doi.org/10.1063/1.1507776},
	Journal = {The Journal of Chemical Physics},
	Number = {15},
	Pages = {6911-6914},
	Title = {On the acceptance probability of replica-exchange Monte Carlo trials},
	Volume = {117},
	Year = {2002},
	Bdsk-Url-1 = {http://scitation.aip.org/content/aip/journal/jcp/117/15/10.1063/1.1507776},
	Bdsk-Url-2 = {http://dx.doi.org/10.1063/1.1507776}}

@article{2012JCoPh.231.1209K,
	Archiveprefix = {arXiv},
	Author = {{Komura}, Y. and {Okabe}, Y.},
	Date-Added = {2015-04-30 05:26:47 +0000},
	Date-Modified = {2015-04-30 05:26:47 +0000},
	Eprint = {1110.0899},
	Journal = {Journal of Computational Physics},
	Month = feb,
	Pages = {1209-1215},
	Primaryclass = {physics.comp-ph},
	Title = {{GPU-based single-cluster algorithm for the simulation of the Ising model}},
	Volume = 231,
	Year = 2012}

@article{Kotliar-Anderson-Stein-1983,
	Author = {Kotliar, G. and Anderson, P. W. and Stein, D. L.},
	Date-Added = {2015-04-30 05:26:47 +0000},
	Date-Modified = {2015-04-30 05:26:47 +0000},
	Doi = {10.1103/PhysRevB.27.602},
	Issue = {1},
	Journal = {Phys. Rev. B},
	Month = {Jan},
	Pages = {602--605},
	Publisher = {American Physical Society},
	Title = {One-dimensional spin-glass model with long-range random interactions},
	Volume = {27},
	Year = {1983},
	Bdsk-Url-1 = {http://dx.doi.org/10.1103/PhysRevB.27.602}}

@article{Krzakala-etal-2001,
	Author = {Krzakala, F. and Houdayer, J. and Marinari, E. and Martin, O. C. and Parisi, G.},
	Date-Added = {2015-04-30 05:26:47 +0000},
	Date-Modified = {2015-04-30 05:26:47 +0000},
	Doi = {10.1103/PhysRevLett.87.197204},
	Issue = {19},
	Journal = {Phys. Rev. Lett.},
	Month = {Oct},
	Numpages = {4},
	Pages = {197204},
	Publisher = {American Physical Society},
	Title = {Zero-Temperature Responses of a 3D Spin Glass in a Magnetic Field},
	Volume = {87},
	Year = {2001},
	Bdsk-Url-1 = {http://link.aps.org/doi/10.1103/PhysRevLett.87.197204},
	Bdsk-Url-2 = {http://dx.doi.org/10.1103/PhysRevLett.87.197204}}

@article{Larson-etal-2013,
	Author = {Larson, Derek and Katzgraber, Helmut G. and Moore, M. A. and Young, A. P.},
	Date-Added = {2015-04-30 05:26:47 +0000},
	Date-Modified = {2015-04-30 05:26:47 +0000},
	Doi = {10.1103/PhysRevB.87.024414},
	Issue = {2},
	Journal = {Phys. Rev. B},
	Month = {Jan},
	Numpages = {9},
	Pages = {024414},
	Publisher = {American Physical Society},
	Title = {Spin glasses in a field: Three and four dimensions as seen from one space dimension},
	Volume = {87},
	Year = {2013},
	Bdsk-Url-1 = {http://link.aps.org/doi/10.1103/PhysRevB.87.024414},
	Bdsk-Url-2 = {http://dx.doi.org/10.1103/PhysRevB.87.024414}}

@article{Leuzzi-etal-2008,
	Author = {Leuzzi, L. and Parisi, G. and Ricci-Tersenghi, F. and Ruiz-Lorenzo, J. J.},
	Date-Added = {2015-04-30 05:26:47 +0000},
	Date-Modified = {2015-04-30 05:26:47 +0000},
	Doi = {10.1103/PhysRevLett.101.107203},
	Issue = {10},
	Journal = {Phys. Rev. Lett.},
	Month = {Sep},
	Numpages = {4},
	Pages = {107203},
	Publisher = {American Physical Society},
	Title = {Dilute One-Dimensional Spin Glasses with Power Law Decaying Interactions},
	Volume = {101},
	Year = {2008},
	Bdsk-Url-1 = {http://link.aps.org/doi/10.1103/PhysRevLett.101.107203},
	Bdsk-Url-2 = {http://dx.doi.org/10.1103/PhysRevLett.101.107203}}

@article{Leuzzi-2009,
	Author = {Leuzzi, L. and Parisi, G. and Ricci-Tersenghi, F. and Ruiz-Lorenzo, J. J.},
	Date-Added = {2015-04-30 05:26:47 +0000},
	Date-Modified = {2015-04-30 05:26:47 +0000},
	Doi = {10.1103/PhysRevLett.103.267201},
	Issue = {26},
	Journal = {Phys. Rev. Lett.},
	Month = {Dec},
	Numpages = {4},
	Pages = {267201},
	Publisher = {American Physical Society},
	Title = {{Ising Spin-Glass Transition in a Magnetic Field Outside the Limit of Validity of Mean-Field Theory}},
	Volume = {103},
	Year = {2009},
	Bdsk-Url-1 = {http://link.aps.org/doi/10.1103/PhysRevLett.103.267201},
	Bdsk-Url-2 = {http://dx.doi.org/10.1103/PhysRevLett.103.267201}}

@article{Leuzzi-1999,
	Abstract = {Ising spin-glass systems with long-range interactions ##IMG## [http://ej.iop.org/images/0305-4470/32/8/010/img1.gif] are considered. A numerical study of the critical behaviour is presented in the non-mean-field region together with an analysis of the probability distribution of the overlaps and of the ultrametric structure of the space of the equilibrium configurations in the frozen phase. Also, in the presence of diverging thermodynamical fluctuations at the critical point the behaviour of the model is shown to be of the replica symmetry breaking type and there are hints of a non-trivial ultrametric structure. The parallel tempering algorithm has been used to simulate the dynamical approach to equilibrium of such systems.},
	Author = {Luca Leuzzi},
	Date-Added = {2015-04-30 05:26:47 +0000},
	Date-Modified = {2015-04-30 05:26:47 +0000},
	Journal = {Journal of Physics A: Mathematical and General},
	Number = {8},
	Pages = {1417},
	Title = {Critical behaviour and ultrametricity of Ising spin-glass with long-range interactions},
	Volume = {32},
	Year = {1999}}

@incollection{incollection-minimal,
	Author = {Daniel D. Lincoll},
	Booktitle = {High Speed Computer and Algorithm Organization},
	Date-Added = {2015-04-30 05:26:47 +0000},
	Date-Modified = {2015-04-30 05:26:47 +0000},
	Publisher = {Academic Press},
	Title = {Semigroups of Recurrences},
	Year = 1977}

@incollection{incollection-full,
	Address = {New York},
	Author = {Daniel D. Lincoll},
	Booktitle = {High Speed Computer and Algorithm Organization},
	Chapter = 3,
	Date-Added = {2015-04-30 05:26:47 +0000},
	Date-Modified = {2015-04-30 05:26:47 +0000},
	Edition = {Third},
	Editor = {David J. Lipcoll and D. H. Lawrie and A. H. Sameh},
	Month = sep,
	Note = {This is a full INCOLLECTION entry},
	Number = 23,
	Pages = {179--183},
	Publisher = {Academic Press},
	Series = {Fast Computers},
	Title = {Semigroups of Recurrences},
	Type = {Part},
	Year = 1977}

@incollection{incollection-crossref,
	Author = {Daniel D. Lincoll},
	Crossref = {whole-collection},
	Date-Added = {2015-04-30 05:26:47 +0000},
	Date-Modified = {2015-04-30 05:26:47 +0000},
	Note = {This is a cross-referencing INCOLLECTION entry},
	Pages = {179--183},
	Title = {Semigroups of Recurrences}}

@manual{manual-full,
	Address = {Silicon Valley},
	Author = {Larry Manmaker},
	Date-Added = {2015-04-30 05:26:47 +0000},
	Date-Modified = {2015-04-30 05:26:47 +0000},
	Edition = {Silver},
	Month = apr # {-} # may,
	Note = {This is a full MANUAL entry},
	Organization = {Chips-R-Us},
	Title = {The Definitive Computer Manual},
	Year = 1986}

@article{2012arXiv1204.6193M,
	Archiveprefix = {arXiv},
	Author = {{Manssen}, M. and {Weigel}, M. and {Hartmann}, A.~K.},
	Date-Added = {2015-04-30 05:26:47 +0000},
	Date-Modified = {2015-04-30 05:26:47 +0000},
	Eprint = {1204.6193},
	Journal = {ArXiv e-prints},
	Keywords = {Physics - Computational Physics, Condensed Matter - Statistical Mechanics, High Energy Physics - Lattice},
	Month = apr,
	Primaryclass = {physics.comp-ph},
	Title = {{Random number generators for massively parallel simulations on GPU}},
	Year = 2012}

@article{Marinari-Parisi-Zuliani-2000,
	Author = {Marinari, E. and Parisi, G. and Zuliani, F.},
	Date-Added = {2015-04-30 05:26:47 +0000},
	Date-Modified = {2015-04-30 05:26:47 +0000},
	Doi = {10.1103/PhysRevLett.84.1056},
	Issue = {5},
	Journal = {Phys. Rev. Lett.},
	Month = {Jan},
	Pages = {1056--1056},
	Publisher = {American Physical Society},
	Title = {Comment on ``Ising Spin Glasses in a Magnetic Field''},
	Volume = {84},
	Year = {2000},
	Bdsk-Url-1 = {http://link.aps.org/doi/10.1103/PhysRevLett.84.1056},
	Bdsk-Url-2 = {http://dx.doi.org/10.1103/PhysRevLett.84.1056}}

@article{Marinari-Parisi-1992,
	Author = {E. Marinari and G. Parisi},
	Date-Added = {2015-04-30 05:26:47 +0000},
	Date-Modified = {2015-04-30 05:26:47 +0000},
	Journal = {EPL (Europhysics Letters)},
	Number = {6},
	Pages = {451},
	Title = {Simulated Tempering: A New {Monte Carlo} Scheme},
	Volume = {19},
	Year = {1992}}

@article{Marinari-etal-1999,
	Author = {Marinari, E. and Naitza, C. and Zuliani, F. and Parisi, G. and Picco, M. and Ritort, F.},
	Date-Added = {2015-04-30 05:26:47 +0000},
	Date-Modified = {2015-04-30 05:26:47 +0000},
	Doi = {10.1103/PhysRevLett.82.5175},
	Issue = {25},
	Journal = {Phys. Rev. Lett.},
	Month = {Jun},
	Pages = {5175--5175},
	Publisher = {American Physical Society},
	Title = {Marinari \textit{et al.} Reply:},
	Volume = {82},
	Year = {1999},
	Bdsk-Url-1 = {http://link.aps.org/doi/10.1103/PhysRevLett.82.5175},
	Bdsk-Url-2 = {http://dx.doi.org/10.1103/PhysRevLett.82.5175}}

@article{Marinari-etal-1998,
	Author = {Marinari, E. and Naitza, C. and Zuliani, F. and Parisi, G. and Picco, M. and Ritort, F.},
	Date-Added = {2015-04-30 05:26:47 +0000},
	Date-Modified = {2015-04-30 05:26:47 +0000},
	Doi = {10.1103/PhysRevLett.81.1698},
	Issue = {8},
	Journal = {Phys. Rev. Lett.},
	Month = {Aug},
	Pages = {1698--1701},
	Publisher = {American Physical Society},
	Title = {General Method to Determine Replica Symmetry Breaking Transitions},
	Volume = {81},
	Year = {1998},
	Bdsk-Url-1 = {http://link.aps.org/doi/10.1103/PhysRevLett.81.1698},
	Bdsk-Url-2 = {http://dx.doi.org/10.1103/PhysRevLett.81.1698}}

@article{Marinari-Parisi-2001,
	Author = {Marinari, Enzo and Parisi, Giorgio},
	Date-Added = {2015-04-30 05:26:47 +0000},
	Date-Modified = {2015-04-30 05:26:47 +0000},
	Doi = {10.1103/PhysRevLett.86.3887},
	Issue = {17},
	Journal = {Phys. Rev. Lett.},
	Month = {Apr},
	Pages = {3887--3890},
	Publisher = {American Physical Society},
	Title = {Effects of a Bulk Perturbation on the Ground State of 3D Ising Spin Glasses},
	Volume = {86},
	Year = {2001},
	Bdsk-Url-1 = {http://link.aps.org/doi/10.1103/PhysRevLett.86.3887},
	Bdsk-Url-2 = {http://dx.doi.org/10.1103/PhysRevLett.86.3887}}

@inproceedings{Maruyama:2011:PIP:2063384.2063398,
	Acmid = {2063398},
	Address = {New York, NY, USA},
	Articleno = {11},
	Author = {Maruyama, Naoya and Nomura, Tatsuo and Sato, Kento and Matsuoka, Satoshi},
	Booktitle = {Proceedings of 2011 International Conference for High Performance Computing, Networking, Storage and Analysis},
	Date-Added = {2015-04-30 05:26:47 +0000},
	Date-Modified = {2015-04-30 05:26:47 +0000},
	Isbn = {978-1-4503-0771-0},
	Keywords = {application framework, domain specific languages, high perforamnce computing},
	Location = {Seattle, Washington},
	Numpages = {12},
	Pages = {11:1--11:12},
	Publisher = {ACM},
	Series = {SC '11},
	Title = {Physis: an implicitly parallel programming model for stencil computations on large-scale GPU-accelerated supercomputers},
	Year = {2011}}

@mastersthesis{mastersthesis-minimal,
	Author = {{\'{E}}douard Masterly},
	Date-Added = {2015-04-30 05:26:47 +0000},
	Date-Modified = {2015-04-30 05:26:47 +0000},
	School = {Stanford University},
	Title = {Mastering Thesis Writing},
	Year = 1988}

@mastersthesis{mastersthesis-full,
	Address = {English Department},
	Author = {{\'{E}}douard Masterly},
	Date-Added = {2015-04-30 05:26:47 +0000},
	Date-Modified = {2015-04-30 05:26:47 +0000},
	Month = jun # {-} # aug,
	Note = {This is a full MASTERSTHESIS entry},
	School = {Stanford University},
	Title = {Mastering Thesis Writing},
	Type = {Master's project},
	Year = 1988}

@article{McMillan-1984,
	Author = {W L McMillan},
	Date-Added = {2015-04-30 05:26:47 +0000},
	Date-Modified = {2015-04-30 05:26:47 +0000},
	Journal = {Journal of Physics C: Solid State Physics},
	Number = {18},
	Pages = {3179},
	Title = {Scaling theory of Ising spin glasses},
	Volume = {17},
	Year = {1984},
	Bdsk-Url-1 = {http://stacks.iop.org/0022-3719/17/i=18/a=010}}

@inproceedings{Micikevicius:2009:FDC:1513895.1513905,
	Acmid = {1513905},
	Address = {New York, NY, USA},
	Author = {Micikevicius, Paulius},
	Booktitle = {Proceedings of 2nd Workshop on General Purpose Processing on Graphics Processing Units},
	Date-Added = {2015-04-30 05:26:47 +0000},
	Date-Modified = {2015-04-30 05:26:47 +0000},
	Isbn = {978-1-60558-517-8},
	Keywords = {CUDA, GPU, finite difference, parallel algorithms},
	Location = {Washington, D.C.},
	Numpages = {6},
	Pages = {79--84},
	Publisher = {ACM},
	Series = {GPGPU-2},
	Title = {3D finite difference computation on GPUs using CUDA},
	Year = {2009}}

@article{Migliorini-Berker-1998,
	Author = {Migliorini, Gabriele and Berker, A. Nihat},
	Date-Added = {2015-04-30 05:26:47 +0000},
	Date-Modified = {2015-04-30 05:26:47 +0000},
	Issue = {1},
	Journal = {Phys. Rev. B},
	Month = {Jan},
	Numpages = {0},
	Pages = {426--431},
	Publisher = {American Physical Society},
	Title = {Global random-field spin-glass phase diagrams in two and three dimensions},
	Volume = {57},
	Year = {1998}}

@misc{misc-full,
	Author = {Joe-Bob Missilany},
	Date-Added = {2015-04-30 05:26:47 +0000},
	Date-Modified = {2015-04-30 05:26:47 +0000},
	Howpublished = {Handed out at O'Hare},
	Month = oct,
	Note = {This is a full MISC entry},
	Title = {Handing out random pamphlets in airports},
	Year = 1984}

@article{Monaghan-1993,
	Author = {Monaghan, Sean},
	Date-Added = {2015-04-30 05:26:47 +0000},
	Date-Modified = {2015-04-30 05:26:47 +0000},
	Doi = {10.1007/BF01607878},
	Issn = {0922-5773},
	Journal = {Journal of VLSI signal processing systems for signal, image and video technology},
	Language = {English},
	Number = {2},
	Pages = {139-153},
	Publisher = {Kluwer Academic Publishers},
	Title = {{A gate-level reconfigurable Monte Carlo processor}},
	Volume = {6},
	Year = {1993},
	Bdsk-Url-1 = {http://dx.doi.org/10.1007/BF01607878}}

@article{Monthus-Garel-2013,
	Author = {Monthus, C\'ecile and Garel, Thomas},
	Date-Added = {2015-04-30 05:26:47 +0000},
	Date-Modified = {2015-04-30 05:26:47 +0000},
	Doi = {10.1103/PhysRevB.88.134204},
	Issue = {13},
	Journal = {Phys. Rev. B},
	Month = {Oct},
	Numpages = {13},
	Pages = {134204},
	Publisher = {American Physical Society},
	Title = {Typical versus averaged overlap distribution in spin glasses: Evidence for droplet scaling theory},
	Volume = {88},
	Year = {2013},
	Bdsk-Url-1 = {http://link.aps.org/doi/10.1103/PhysRevB.88.134204},
	Bdsk-Url-2 = {http://dx.doi.org/10.1103/PhysRevB.88.134204}}

@article{Moore-2005,
	Author = {M A Moore},
	Date-Added = {2015-04-30 05:26:47 +0000},
	Date-Modified = {2015-04-30 05:26:47 +0000},
	Journal = {Journal of Physics A: Mathematical and General},
	Number = {46},
	Pages = {L783},
	Title = {The stability of the replica-symmetric state in finite-dimensional spin glasses},
	Volume = {38},
	Year = {2005},
	Bdsk-Url-1 = {http://stacks.iop.org/0305-4470/38/i=46/a=L03}}

@article{Moore-etal-1998,
	Author = {Moore, M. A. and Bokil, Hemant and Drossel, Barbara},
	Date-Added = {2015-04-30 05:26:47 +0000},
	Date-Modified = {2015-04-30 05:26:47 +0000},
	Doi = {10.1103/PhysRevLett.81.4252},
	Issue = {19},
	Journal = {Phys. Rev. Lett.},
	Month = {Nov},
	Pages = {4252--4255},
	Publisher = {American Physical Society},
	Title = {Evidence for the Droplet Picture of Spin Glasses},
	Volume = {81},
	Year = {1998},
	Bdsk-Url-1 = {http://link.aps.org/doi/10.1103/PhysRevLett.81.4252},
	Bdsk-Url-2 = {http://dx.doi.org/10.1103/PhysRevLett.81.4252}}

@article{Moore-Bokil-Drossel-1998,
	Author = {Moore, M. A. and Bokil, Hemant and Drossel, Barbara},
	Date-Added = {2015-04-30 05:26:47 +0000},
	Date-Modified = {2015-04-30 05:26:47 +0000},
	Issue = {19},
	Journal = {Phys. Rev. Lett.},
	Month = {Nov},
	Numpages = {0},
	Pages = {4252--4255},
	Publisher = {American Physical Society},
	Title = {Evidence for the Droplet Picture of Spin Glasses},
	Volume = {81},
	Year = {1998}}

@book{Mydosh-1993,
	Author = {Mydosh, J.A.},
	Date-Added = {2015-04-30 05:26:47 +0000},
	Date-Modified = {2015-04-30 05:26:47 +0000},
	Lccn = {lc93019314},
	Publisher = {Taylor \& Francis Group},
	Title = {Spin Glasses: An Experimental Introduction},
	Year = {1993}}

@article{Mydosh-1986,
	Author = {Mydosh, J.A.},
	Date-Added = {2015-04-30 05:26:47 +0000},
	Date-Modified = {2015-04-30 05:26:47 +0000},
	Doi = {10.1007/BF02401580},
	Journal = {Hyperfine Interactions},
	Language = {English},
	Number = {1-4},
	Pages = {347-362},
	Publisher = {Kluwer Academic Publishers},
	Title = {Spin glasses: Some recent experiments},
	Volume = {31},
	Year = {1986},
	Bdsk-Url-1 = {http://dx.doi.org/10.1007/BF02401580}}

@inproceedings{Nguyen:2010:BOS:1884643.1884658,
	Acmid = {1884658},
	Address = {Washington, DC, USA},
	Author = {Nguyen, Anthony and Satish, Nadathur and Chhugani, Jatin and Kim, Changkyu and Dubey, Pradeep},
	Booktitle = {Proceedings of the 2010 ACM/IEEE International Conference for High Performance Computing, Networking, Storage and Analysis},
	Date-Added = {2015-04-30 05:26:47 +0000},
	Date-Modified = {2015-04-30 05:26:47 +0000},
	Isbn = {978-1-4244-7559-9},
	Numpages = {13},
	Pages = {1--13},
	Publisher = {IEEE Computer Society},
	Series = {SC '10},
	Title = {3.5-D Blocking Optimization for Stencil Computations on Modern CPUs and GPUs},
	Year = {2010}}

@article{Nickolls:2008:SPP:1365490.1365500,
	Acmid = {1365500},
	Address = {New York, NY, USA},
	Author = {Nickolls, John and Buck, Ian and Garland, Michael and Skadron, Kevin},
	Date-Added = {2015-04-30 05:26:47 +0000},
	Date-Modified = {2015-04-30 05:26:47 +0000},
	Doi = {10.1145/1365490.1365500},
	Issue_Date = {March/April 2008},
	Journal = {Queue},
	Month = mar,
	Number = {2},
	Numpages = {14},
	Pages = {40--53},
	Publisher = {ACM},
	Title = {Scalable Parallel Programming with CUDA},
	Volume = {6},
	Year = {2008},
	Bdsk-Url-1 = {http://doi.acm.org/10.1145/1365490.1365500},
	Bdsk-Url-2 = {http://dx.doi.org/10.1145/1365490.1365500}}

@book{nv_fermi_whitepaper,
	Author = {NVIDIA},
	Date-Added = {2015-04-30 05:26:47 +0000},
	Date-Modified = {2015-04-30 05:26:47 +0000},
	Title = {NVIDIA Fermi Compute Architecture White Paper}}

@book{nv_cuda_prog_guide,
	Author = {NVIDIA},
	Date-Added = {2015-04-30 05:26:47 +0000},
	Date-Modified = {2015-04-30 05:26:47 +0000},
	Title = {NVIDIA CUDA Programming Guide}}

@manual{curand,
	Address = {Santa Clara, CA, USA},
	Author = {{NVIDIA}},
	Citeulike-Article-Id = {8860124},
	Date-Added = {2015-04-30 05:26:47 +0000},
	Date-Modified = {2015-04-30 05:26:47 +0000},
	Keywords = {pf},
	Month = aug,
	Organization = {NVIDIA Corporation},
	Posted-At = {2011-02-21 07:35:53},
	Priority = {2},
	Title = {{CUDA CURAND Library}},
	Year = {2010}}

@inproceedings{inproceedings-minimal,
	Author = {Alfred V. Oaho and Jeffrey D. Ullman and Mihalis Yannakakis},
	Booktitle = {Proc. Fifteenth Annual ACM} # STOC,
	Date-Added = {2015-04-30 05:26:47 +0000},
	Date-Modified = {2015-04-30 05:26:47 +0000},
	Title = {On Notions of Information Transfer in {VLSI} Circuits},
	Year = 1983}

@inproceedings{inproceedings-full,
	Address = {Boston},
	Author = {Alfred V. Oaho and Jeffrey D. Ullman and Mihalis Yannakakis},
	Booktitle = {Proc. Fifteenth Annual ACM} # STOC,
	Date-Added = {2015-04-30 05:26:47 +0000},
	Date-Modified = {2015-04-30 05:26:47 +0000},
	Editor = {Wizard V. Oz and Mihalis Yannakakis},
	Month = mar,
	Note = {This is a full INPROCEDINGS entry},
	Number = 17,
	Organization = ACM,
	Pages = {133--139},
	Publisher = {Academic Press},
	Series = {All ACM Conferences},
	Title = {On Notions of Information Transfer in {VLSI} Circuits},
	Year = 1983}

@inproceedings{inproceedings-crossref,
	Author = {Alfred V. Oaho and Jeffrey D. Ullman and Mihalis Yannakakis},
	Crossref = {whole-proceedings},
	Date-Added = {2015-04-30 05:26:47 +0000},
	Date-Modified = {2015-04-30 05:26:47 +0000},
	Note = {This is a cross-referencing INPROCEEDINGS entry},
	Pages = {133--139},
	Title = {On Notions of Information Transfer in {VLSI} Circuits}}

@article{Ogielski-Morgenstern-1985,
	Author = {Ogielski, Andrew T. and Morgenstern, Ingo},
	Date-Added = {2015-04-30 05:26:47 +0000},
	Date-Modified = {2015-04-30 05:26:47 +0000},
	Doi = {10.1103/PhysRevLett.54.928},
	Issue = {9},
	Journal = {Phys. Rev. Lett.},
	Month = {Mar},
	Pages = {928--931},
	Publisher = {American Physical Society},
	Title = {{Critical behavior of three-dimensional Ising spin-glass model}},
	Volume = {54},
	Year = {1985},
	Bdsk-Url-1 = {http://link.aps.org/doi/10.1103/PhysRevLett.54.928},
	Bdsk-Url-2 = {http://dx.doi.org/10.1103/PhysRevLett.54.928}}

@article{Ogielski-1985,
	Author = {Ogielski, Andrew T.},
	Date-Added = {2015-04-30 05:26:47 +0000},
	Date-Modified = {2015-04-30 05:26:47 +0000},
	Doi = {10.1103/PhysRevB.32.7384},
	Issue = {11},
	Journal = {Phys. Rev. B},
	Month = {Dec},
	Pages = {7384--7398},
	Publisher = {American Physical Society},
	Title = {{Dynamics of three-dimensional Ising spin glasses in thermal equilibrium}},
	Volume = {32},
	Year = {1985},
	Bdsk-Url-1 = {http://link.aps.org/doi/10.1103/PhysRevB.32.7384},
	Bdsk-Url-2 = {http://dx.doi.org/10.1103/PhysRevB.32.7384}}

@article{Palassini-Young-2000b,
	Author = {Palassini, Matteo and Young, A. P.},
	Date-Added = {2015-04-30 05:26:47 +0000},
	Date-Modified = {2015-04-30 05:26:47 +0000},
	Doi = {10.1103/PhysRevLett.85.3333},
	Issue = {15},
	Journal = {Phys. Rev. Lett.},
	Month = {Oct},
	Pages = {3333--3333},
	Publisher = {American Physical Society},
	Title = {Palassini and Young Reply:},
	Volume = {85},
	Year = {2000},
	Bdsk-Url-1 = {http://link.aps.org/doi/10.1103/PhysRevLett.85.3333},
	Bdsk-Url-2 = {http://dx.doi.org/10.1103/PhysRevLett.85.3333}}

@article{Palassini-Young-2000a,
	Author = {Palassini, Matteo and Young, A. P.},
	Date-Added = {2015-04-30 05:26:47 +0000},
	Date-Modified = {2015-04-30 05:26:47 +0000},
	Doi = {10.1103/PhysRevLett.85.3017},
	Issue = {14},
	Journal = {Phys. Rev. Lett.},
	Month = {Oct},
	Pages = {3017--3020},
	Publisher = {American Physical Society},
	Title = {Nature of the Spin Glass State},
	Volume = {85},
	Year = {2000},
	Bdsk-Url-1 = {http://link.aps.org/doi/10.1103/PhysRevLett.85.3017},
	Bdsk-Url-2 = {http://dx.doi.org/10.1103/PhysRevLett.85.3017}}

@article{Parisi-1980c,
	Author = {G Parisi},
	Date-Added = {2015-04-30 05:26:47 +0000},
	Date-Modified = {2015-04-30 05:26:47 +0000},
	Journal = {Journal of Physics A: Mathematical and General},
	Number = {4},
	Pages = {L115},
	Title = {A sequence of approximated solutions to the S-K model for spin glasses},
	Volume = {13},
	Year = {1980},
	Bdsk-Url-1 = {http://stacks.iop.org/0305-4470/13/i=4/a=009}}

@article{Parisi-1980b,
	Author = {G Parisi},
	Date-Added = {2015-04-30 05:26:47 +0000},
	Date-Modified = {2015-04-30 05:26:47 +0000},
	Journal = {Journal of Physics A: Mathematical and General},
	Number = {5},
	Pages = {1887},
	Title = {Magnetic properties of spin glasses in a new mean field theory},
	Volume = {13},
	Year = {1980},
	Bdsk-Url-1 = {http://stacks.iop.org/0305-4470/13/i=5/a=047}}

@article{Parisi-1980a,
	Author = {G Parisi},
	Date-Added = {2015-04-30 05:26:47 +0000},
	Date-Modified = {2015-04-30 05:26:47 +0000},
	Journal = {Journal of Physics A: Mathematical and General},
	Number = {3},
	Pages = {1101},
	Title = {The order parameter for spin glasses: a function on the interval 0-1},
	Volume = {13},
	Year = {1980},
	Bdsk-Url-1 = {http://stacks.iop.org/0305-4470/13/i=3/a=042}}

@phdthesis{phdthesis-minimal,
	Author = {F. Phidias Phony-Baloney},
	Date-Added = {2015-04-30 05:26:47 +0000},
	Date-Modified = {2015-04-30 05:26:47 +0000},
	School = {Fanstord University},
	Title = {Fighting Fire with Fire: Festooning {F}rench Phrases},
	Year = 1988}

@phdthesis{phdthesis-full,
	Address = {Department of French},
	Author = {F. Phidias Phony-Baloney},
	Date-Added = {2015-04-30 05:26:47 +0000},
	Date-Modified = {2015-04-30 05:26:47 +0000},
	Month = jun # {-} # aug,
	Note = {This is a full PHDTHESIS entry},
	School = {Fanstord University},
	Title = {Fighting Fire with Fire: Festooning {F}rench Phrases},
	Type = {{PhD} Dissertation},
	Year = 1988}

@article{preis2011gpu,
	Author = {Preis, T.},
	Date-Added = {2015-04-30 05:26:47 +0000},
	Date-Modified = {2015-04-30 05:26:47 +0000},
	Issn = {1951-6355},
	Journal = {The European Physical Journal-Special Topics},
	Number = {1},
	Pages = {87--119},
	Publisher = {Springer},
	Title = {GPU-computing in econophysics and statistical physics},
	Volume = {194},
	Year = {2011}}

@article{Preis:2009:GAM:1537305.1537344,
	Acmid = {1537344},
	Address = {San Diego, CA, USA},
	Author = {Preis, Tobias and Virnau, Peter and Paul, Wolfgang and Schneider, Johannes J.},
	Date-Added = {2015-04-30 05:26:47 +0000},
	Date-Modified = {2015-04-30 05:26:47 +0000},
	Issn = {0021-9991},
	Issue_Date = {July, 2009},
	Journal = {J. Comput. Phys.},
	Keywords = {65C05, 65Z05, 82C20, Finite size scaling, GPU computing, Ising model, Monte Carlo simulation, Phase transition},
	Month = jul,
	Number = {12},
	Numpages = {10},
	Pages = {4468--4477},
	Publisher = {Academic Press Professional, Inc.},
	Title = {GPU accelerated Monte Carlo simulation of the 2D and 3D Ising model},
	Volume = {228},
	Year = {2009}}

@article{Ritort-1994,
	Author = {Ritort, Felix},
	Date-Added = {2015-04-30 05:26:47 +0000},
	Date-Modified = {2015-04-30 05:26:47 +0000},
	Doi = {10.1103/PhysRevB.50.6844},
	Issue = {10},
	Journal = {Phys. Rev. B},
	Month = {Sep},
	Numpages = {0},
	Pages = {6844--6853},
	Publisher = {American Physical Society},
	Title = {Static chaos and scaling behavior in the spin-glass phase},
	Volume = {50},
	Year = {1994},
	Bdsk-Url-1 = {http://dx.doi.org/10.1103/PhysRevB.50.6844}}

@inproceedings{Salmon:2011:PRN:2063384.2063405,
	Acmid = {2063405},
	Address = {New York, NY, USA},
	Articleno = {16},
	Author = {Salmon, John K. and Moraes, Mark A. and Dror, Ron O. and Shaw, David E.},
	Booktitle = {Proceedings of 2011 International Conference for High Performance Computing, Networking, Storage and Analysis},
	Date-Added = {2015-04-30 05:26:47 +0000},
	Date-Modified = {2015-04-30 05:26:47 +0000},
	Isbn = {978-1-4503-0771-0},
	Location = {Seattle, Washington},
	Numpages = {12},
	Pages = {16:1--16:12},
	Publisher = {ACM},
	Series = {SC '11},
	Title = {Parallel random numbers: as easy as 1, 2, 3},
	Year = {2011}}

@article{Sasaki-etal-2008,
	Author = {M. Sasaki and K. Hukushima and H. Yoshino and H. Takayama},
	Date-Added = {2015-04-30 05:26:47 +0000},
	Date-Modified = {2015-04-30 05:26:47 +0000},
	Doi = {http://dx.doi.org/10.1016/j.jmmm.2006.10.656},
	Issn = {0304-8853},
	Journal = {Journal of Magnetism and Magnetic Materials},
	Keywords = {Renormalization group},
	Note = {{Proceedings of the 17th International Conference on Magnetism}},
	Number = {2, Part 2},
	Pages = {1514 - 1516},
	Title = {{Absence of spin glass phase in the Edwards--Anderson Ising spin glass in magnetic field}},
	Volume = {310},
	Year = {2007},
	Bdsk-Url-1 = {http://www.sciencedirect.com/science/article/pii/S0304885306018841},
	Bdsk-Url-2 = {http://dx.doi.org/10.1016/j.jmmm.2006.10.656}}

@article{Sasaki-etal-2007,
	Author = {Sasaki, M. and Hukushima, K. and Yoshino, H. and Takayama, H.},
	Date-Added = {2015-04-30 05:26:47 +0000},
	Date-Modified = {2015-04-30 05:26:47 +0000},
	Doi = {10.1103/PhysRevLett.99.137202},
	Issue = {13},
	Journal = {Phys. Rev. Lett.},
	Month = {Sep},
	Numpages = {4},
	Pages = {137202},
	Publisher = {American Physical Society},
	Title = {{Scaling Analysis of Domain-Wall Free Energy in the Edwards-Anderson Ising Spin Glass in a Magnetic Field}},
	Volume = {99},
	Year = {2007},
	Bdsk-Url-1 = {http://link.aps.org/doi/10.1103/PhysRevLett.99.137202},
	Bdsk-Url-2 = {http://dx.doi.org/10.1103/PhysRevLett.99.137202}}

@inproceedings{Sedaghati:2011:SVI:2120965.2121455,
	Acmid = {2121455},
	Address = {Washington, DC, USA},
	Author = {Sedaghati, Naser and Thomas, Renji and Pouchet, Louis-Noel and Teodorescu, Radu and Sadayappan, P.},
	Booktitle = {Proceedings of the 2011 International Conference on Parallel Architectures and Compilation Techniques},
	Date-Added = {2015-04-30 05:26:47 +0000},
	Date-Modified = {2015-04-30 05:26:47 +0000},
	Isbn = {978-0-7695-4566-0},
	Keywords = {Stencil Computation, High Performance, Vector ISA},
	Numpages = {12},
	Pages = {276--287},
	Publisher = {IEEE Computer Society},
	Series = {PACT '11},
	Title = {StVEC: A Vector Instruction Extension for High Performance Stencil Computation},
	Year = {2011}}

@inproceedings{Seiler08larrabee:a,
	Author = {Larry Seiler and Doug Carmean and Eric Sprangle and Tom Forsyth and Michael Abrash and Pradeep Dubey and Stephen Junkins and Adam Lake and Jeremy Sugerman and Robert Cavin and Roger Espasa and Toni Juan and Pat Hanrahan},
	Booktitle = {In SIGGRAPH '08: ACM SIGGRAPH 2008 papers},
	Date-Added = {2015-04-30 05:26:47 +0000},
	Date-Modified = {2015-04-30 05:26:47 +0000},
	Pages = {1--15},
	Publisher = {ACM},
	Title = {Larrabee: a many-core x86 architecture for visual computing},
	Year = {2008}}

@article{Sherrington-Kirkpatrick-1975,
	Author = {Sherrington, David and Kirkpatrick, Scott},
	Date-Added = {2015-04-30 05:26:47 +0000},
	Date-Modified = {2015-04-30 05:26:47 +0000},
	Doi = {10.1103/PhysRevLett.35.1792},
	Issue = {26},
	Journal = {Phys. Rev. Lett.},
	Month = {Dec},
	Pages = {1792--1796},
	Publisher = {American Physical Society},
	Title = {Solvable Model of a Spin-Glass},
	Volume = {35},
	Year = {1975},
	Bdsk-Url-1 = {http://link.aps.org/doi/10.1103/PhysRevLett.35.1792},
	Bdsk-Url-2 = {http://dx.doi.org/10.1103/PhysRevLett.35.1792}}

@article{Swendsen-Wang-1986,
	Author = {Swendsen, Robert H. and Wang, Jian-Sheng},
	Date-Added = {2015-04-30 05:26:47 +0000},
	Date-Modified = {2015-04-30 05:26:47 +0000},
	Doi = {10.1103/PhysRevLett.57.2607},
	Issue = {21},
	Journal = {Phys. Rev. Lett.},
	Month = {Nov},
	Pages = {2607--2609},
	Publisher = {American Physical Society},
	Title = {Replica {Monte Carlo} Simulation of Spin-Glasses},
	Volume = {57},
	Year = {1986},
	Bdsk-Url-1 = {http://link.aps.org/doi/10.1103/PhysRevLett.57.2607},
	Bdsk-Url-2 = {http://dx.doi.org/10.1103/PhysRevLett.57.2607}}

@techreport{techreport-full,
	Address = {Computer Science Department, Fanstord, California},
	Author = {Tom T{\'{e}}rrific},
	Date-Added = {2015-04-30 05:26:47 +0000},
	Date-Modified = {2015-04-30 05:26:47 +0000},
	Institution = {Fanstord University},
	Month = oct,
	Note = {This is a full TECHREPORT entry},
	Number = {7},
	Title = {An {$O(n \log n / \! \log\log n)$} Sorting Algorithm},
	Type = {Wishful Research Result},
	Year = 1988}

@article{Taiji-Ito-Suzuki-1988,
	Author = {Makoto Taiji and Nobuyasu Ito and Masuo Suzuki},
	Date-Added = {2015-04-30 05:26:47 +0000},
	Date-Modified = {2015-04-30 05:26:47 +0000},
	Doi = {10.1063/1.1139934},
	Journal = {Review of Scientific Instruments},
	Keywords = {ISING MODEL; COMPUTER CALCULATIONS; COMPUTERS; DESIGN; MONTE CARLO METHOD; PARALLEL PROCESSING; COMPUTER ARCHITECTURE; COMPUTERIZED SIMULATION; EQUIPMENT INTERFACES; PERSONAL COMPUTERS; ARRAY PROCESSORS; PROGRAMMING},
	Number = {11},
	Pages = {2483-2487},
	Publisher = {AIP},
	Title = {{Special purpose computer system for Ising models}},
	Volume = {59},
	Year = {1988},
	Bdsk-Url-1 = {http://link.aip.org/link/?RSI/59/2483/1},
	Bdsk-Url-2 = {http://dx.doi.org/10.1063/1.1139934}}

@article{Talagrand-2006,
	Abstract = {Using Guerra's interpolation scheme, we compute the free energy of the Sherrington-Kirkpatrick model for spin glasses at any temperature, confirming a celebrated prediction of G. Parisi.},
	Author = {Talagrand, Michel},
	Copyright = {Copyright {\copyright} 2006 Annals of Mathematics},
	Date-Added = {2015-04-30 05:26:47 +0000},
	Date-Modified = {2015-04-30 05:26:47 +0000},
	Journal = {Annals of Mathematics},
	Jstor_Articletype = {research-article},
	Jstor_Formatteddate = {Jan., 2006},
	Language = {English},
	Number = {1},
	Pages = {pp. 221-263},
	Publisher = {Annals of Mathematics},
	Series = {Second Series},
	Title = {The Parisi Formula},
	Volume = {163},
	Year = {2006},
	Bdsk-Url-1 = {http://www.jstor.org/stable/20159953}}

@article{Tasaki-1989,
	Author = {Tasaki, Hal},
	Date-Added = {2015-04-30 05:26:47 +0000},
	Date-Modified = {2015-04-30 05:26:47 +0000},
	Doi = {10.1007/BF01023476},
	Journal = {Journal of Statistical Physics},
	Keywords = {Random spin systems; critical exponent inequalities; upper critical dimensions},
	Language = {English},
	Number = {1-2},
	Pages = {163-170},
	Publisher = {Kluwer Academic Publishers-Plenum Publishers},
	Title = {On the upper critical dimensions of random spin systems},
	Volume = {54},
	Year = {1989},
	Bdsk-Url-1 = {http://dx.doi.org/10.1007/BF01023476}}

@article{Temesvari-2008,
	Author = {Temesv\'ari, T.},
	Date-Added = {2015-04-30 05:26:47 +0000},
	Date-Modified = {2015-04-30 05:26:47 +0000},
	Doi = {10.1103/PhysRevB.78.220401},
	Issue = {22},
	Journal = {Phys. Rev. B},
	Month = {Dec},
	Numpages = {4},
	Pages = {220401},
	Publisher = {American Physical Society},
	Title = {{Almeida-Thouless transition below six dimensions}},
	Volume = {78},
	Year = {2008},
	Bdsk-Url-1 = {http://link.aps.org/doi/10.1103/PhysRevB.78.220401},
	Bdsk-Url-2 = {http://dx.doi.org/10.1103/PhysRevB.78.220401}}

@techreport{techreport-minimal,
	Author = {Tom Terrific},
	Date-Added = {2015-04-30 05:26:47 +0000},
	Date-Modified = {2015-04-30 05:26:47 +0000},
	Institution = {Fanstord University},
	Title = {An {$O(n \log n / \! \log\log n)$} Sorting Algorithm},
	Year = 1988}

@article{2011PhRvE..83d6709T,
	Archiveprefix = {arXiv},
	Author = {{Thomas}, C. and {Katzgraber}, H.},
	Date-Added = {2015-04-30 05:26:47 +0000},
	Date-Modified = {2015-04-30 05:26:47 +0000},
	Eid = {046709},
	Eprint = {1010.2524},
	Journal = {Phys. Rev. E 83, 046709},
	Keywords = {Computational methods in statistical physics and nonlinear dynamics, Spin glasses and other random magnets, Numerical simulation studies, Lattice theory and statistics},
	Month = apr,
	Number = 4,
	Pages = {046709},
	Primaryclass = {cond-mat.dis-nn},
	Title = {{Optimizing glassy p-spin models}},
	Volume = 83,
	Year = 2011}

@article{Thouless-Anderson-Palmer-1977,
	Author = {Thouless, DJ and Anderson, PW and Palmer, RG},
	Date-Added = {2015-04-30 05:26:47 +0000},
	Date-Modified = {2015-04-30 05:26:47 +0000},
	Journal = {Philosophical Magazine},
	Number = {3},
	Pages = {593--601},
	Publisher = {Taylor \& Francis},
	Title = {Solution of'solvable model of a spin glass'},
	Volume = {35},
	Year = {1977}}

@inproceedings{Unat:2011:MRC:1995896.1995932,
	Acmid = {1995932},
	Address = {New York, NY, USA},
	Author = {Unat, Didem and Cai, Xing and Baden, Scott B.},
	Booktitle = {Proceedings of the international conference on Supercomputing},
	Date-Added = {2015-04-30 05:26:47 +0000},
	Date-Modified = {2015-04-30 05:26:47 +0000},
	Isbn = {978-1-4503-0102-2},
	Keywords = {automatic translation and optimization, cuda, parallel programming model, stencil computation},
	Location = {Tucson, Arizona, USA},
	Numpages = {11},
	Pages = {214--224},
	Publisher = {ACM},
	Series = {ICS '11},
	Title = {Mint: realizing CUDA performance in 3D stencil methods with annotated C},
	Year = {2011}}

@article{2011CoPhC.182.1833W,
	Archiveprefix = {arXiv},
	Author = {{Weigel}, M.},
	Date-Added = {2015-04-30 05:26:47 +0000},
	Date-Modified = {2015-04-30 05:26:47 +0000},
	Eprint = {1006.3865},
	Journal = {Computer Physics Communications},
	Month = sep,
	Pages = {1833-1836},
	Primaryclass = {cond-mat.stat-mech},
	Title = {{Simulating spin models on GPU}},
	Volume = 182,
	Year = 2011}

@article{2011arXiv1107.5463W,
	Archiveprefix = {arXiv},
	Author = {{Weigel}, M. and {Yavors'kii}, T.},
	Date-Added = {2015-04-30 05:26:47 +0000},
	Date-Modified = {2015-04-30 05:26:47 +0000},
	Eprint = {1107.5463},
	Journal = {ArXiv e-prints},
	Keywords = {Physics - Computational Physics, Condensed Matter - Statistical Mechanics, High Energy Physics - Lattice},
	Month = jul,
	Primaryclass = {physics.comp-ph},
	Title = {{GPU accelerated Monte Carlo simulations of lattice spin models}},
	Year = 2011}

@article{Weigel:2012:PPS:2151219.2151631,
	Acmid = {2151631},
	Address = {San Diego, CA, USA},
	Author = {Weigel, Martin},
	Date-Added = {2015-04-30 05:26:47 +0000},
	Date-Modified = {2015-04-30 05:26:47 +0000},
	Issn = {0021-9991},
	Issue_Date = {April, 2012},
	Journal = {J. Comput. Phys.},
	Keywords = {Graphics processing units, Heisenberg model, Ising model, Monte Carlo simulations, Parallel tempering, Spin glasses},
	Month = apr,
	Number = {8},
	Numpages = {19},
	Pages = {3064--3082},
	Publisher = {Academic Press Professional, Inc.},
	Title = {Performance potential for simulating spin models on GPU},
	Volume = {231},
	Year = {2012}}

@article{doi:10.1142/S0129183112400025,
	Author = {WEIGEL, MARTIN},
	Date-Added = {2015-04-30 05:26:47 +0000},
	Date-Modified = {2015-04-30 05:26:47 +0000},
	Journal = {International Journal of Modern Physics C},
	Number = {08},
	Pages = {1240002},
	Title = {SIMULATING SPIN MODELS ON GPU: A TOUR},
	Volume = {23},
	Year = {2012}}

@article{2012arXiv1204.6192Y,
	Archiveprefix = {arXiv},
	Author = {{Yavors'kii}, T. and {Weigel}, M.},
	Date-Added = {2015-04-30 05:26:47 +0000},
	Date-Modified = {2015-04-30 05:26:47 +0000},
	Eprint = {1204.6192},
	Journal = {ArXiv e-prints},
	Keywords = {Physics - Computational Physics, Condensed Matter - Disordered Systems and Neural Networks, Condensed Matter - Statistical Mechanics, High Energy Physics - Lattice},
	Month = apr,
	Primaryclass = {physics.comp-ph},
	Title = {{Optimized GPU simulation of continuous-spin glass models}},
	Year = 2012}

@article{Young-Katzgraber2004,
	Author = {Young, A. P. and Katzgraber, Helmut G.},
	Date-Added = {2015-04-30 05:26:47 +0000},
	Date-Modified = {2015-04-30 05:26:47 +0000},
	Doi = {10.1103/PhysRevLett.93.207203},
	Issue = {20},
	Journal = {Phys. Rev. Lett.},
	Month = {Nov},
	Numpages = {4},
	Pages = {207203},
	Publisher = {American Physical Society},
	Title = {Absence of an Almeida-Thouless Line in Three-Dimensional Spin Glasses},
	Volume = {93},
	Year = {2004},
	Bdsk-Url-1 = {http://link.aps.org/doi/10.1103/PhysRevLett.93.207203},
	Bdsk-Url-2 = {http://dx.doi.org/10.1103/PhysRevLett.93.207203}}

@misc{Zeeb_randomnumber,
	Author = {Charles N. Zeeb and Patrick J. Burns and Xn M},
	Date-Added = {2015-04-30 05:26:47 +0000},
	Date-Modified = {2015-04-30 05:26:47 +0000},
	Title = {Random Number Generator Recommendation by}}

@inproceedings{Zhang:2012:AAS:2259016.2259037,
	Acmid = {2259037},
	Address = {New York, NY, USA},
	Author = {Zhang, Yongpeng and Mueller, Frank},
	Booktitle = {Proceedings of the Tenth International Symposium on Code Generation and Optimization},
	Date-Added = {2015-04-30 05:26:47 +0000},
	Date-Modified = {2015-04-30 05:26:47 +0000},
	Isbn = {978-1-4503-1206-6},
	Location = {San Jose, California},
	Numpages = {10},
	Pages = {155--164},
	Publisher = {ACM},
	Series = {CHO '12},
	Title = {Auto-generation and auto-tuning of 3D stencil codes on GPU clusters},
	Year = {2012}}

@article{Zorn1981337,
	Author = {R. Zorn and H.J. Herrmann and C. Rebbi},
	Date-Added = {2015-04-30 05:26:47 +0000},
	Date-Modified = {2015-04-30 05:26:47 +0000},
	Journal = {Computer Physics Communications},
	Number = {4},
	Pages = {337 - 342},
	Title = {Tests of the multi-spin-coding technique in Monte Carlo simulations of statistical systems},
	Volume = {23},
	Year = {1981}}

@proceedings{whole-proceedings,
	Address = {Boston},
	Booktitle = {Proc. Fifteenth Annual ACM} # STOC,
	Date-Added = {2015-04-30 05:26:47 +0000},
	Date-Modified = {2015-04-30 05:26:47 +0000},
	Key = STOC-key,
	Note = {This is a cross-referenced PROCEEDINGS},
	Organization = ACM,
	Title = {Proc. Fifteenth Annual} # STOC,
	Year = 1983}

@article{whole-journal,
	Date-Added = {2015-04-30 05:26:47 +0000},
	Date-Modified = {2015-04-30 05:26:47 +0000},
	Journal = {\mbox{G-Animal's} Journal},
	Key = {GAJ},
	Month = jul,
	Note = {The entire issue is devoted to gnats and gnus (this entry is a cross-referenced ARTICLE (journal))},
	Number = 7,
	Volume = 41,
	Year = 1986}

@book{whole-collection,
	Address = {New York},
	Booktitle = {High Speed Computer and Algorithm Organization},
	Date-Added = {2015-04-30 05:26:47 +0000},
	Date-Modified = {2015-04-30 05:26:47 +0000},
	Edition = {Third},
	Editor = {David J. Lipcoll and D. H. Lawrie and A. H. Sameh},
	Month = sep,
	Note = {This is a cross-referenced BOOK (collection) entry},
	Number = 23,
	Publisher = {Academic Press},
	Series = {Fast Computers},
	Title = {High Speed Computer and Algorithm Organization},
	Year = 1977}

@misc{random-note-crossref,
	Date-Added = {2015-04-30 05:26:47 +0000},
	Date-Modified = {2015-04-30 05:26:47 +0000},
	Key = {Volume-2},
	Note = {Volume~2 is listed under Knuth \cite{book-full}}}

@proceedings{proceedings-minimal,
	Date-Added = {2015-04-30 05:26:47 +0000},
	Date-Modified = {2015-04-30 05:26:47 +0000},
	Key = STOC-key,
	Title = {Proc. Fifteenth Annual} # STOC,
	Year = 1983}

@proceedings{proceedings-full,
	Address = {Boston},
	Date-Added = {2015-04-30 05:26:47 +0000},
	Date-Modified = {2015-04-30 05:26:47 +0000},
	Editor = {Wizard V. Oz and Mihalis Yannakakis},
	Month = mar,
	Note = {This is a full PROCEEDINGS entry},
	Number = 17,
	Organization = ACM,
	Publisher = {Academic Press},
	Series = {All ACM Conferences},
	Title = {Proc. Fifteenth Annual} # STOC,
	Year = 1983}

@misc{misc-minimal,
	Date-Added = {2015-04-30 05:26:47 +0000},
	Date-Modified = {2015-04-30 05:26:47 +0000},
	Key = {Missilany},
	Note = {This is a minimal MISC entry}}

@manual{manual-minimal,
	Date-Added = {2015-04-30 05:26:47 +0000},
	Date-Modified = {2015-04-30 05:26:47 +0000},
	Key = {Manmaker},
	Title = {The Definitive Computer Manual}}

@booklet{booklet-minimal,
	Date-Added = {2015-04-30 05:26:47 +0000},
	Date-Modified = {2015-04-30 05:26:47 +0000},
	Key = {Kn{\printfirst{v}{1987}}},
	Title = {The Programming of Computer Art}}

@article{Binder-Young1986,
	Author = {Binder, K. and Young, A. P.},
	Issue = {4},
	Journal = {Rev. Mod. Phys.},
	Month = {Oct},
	Pages = {801--976},
	Publisher = {American Physical Society},
	Title = {Spin glasses: Experimental facts, theoretical concepts, and open questions},
	Volume = {58},
	Year = {1986}}
