%% This BibTeX bibliography file was created using BibDesk.
%% http://bibdesk.sourceforge.net/


%% Created for Sheng Feng at 2016-04-04 14:16:45 -0500 


%% Saved with string encoding Unicode (UTF-8) 


@string{acm = {The OX Association for Computing Machinery}}

@string{stoc = {Symposium on the Theory of Computing}}

@string{stoc-key = {OX{\singleletter{stoc}}}}


@article{Fang20142467,
	Abstract = {Abstract Monte Carlo simulations of the Ising model play an important role in the field of computational statistical physics, and they have revealed many properties of the model over the past few decades. However, the effect of frustration due to random disorder, in particular the possible spin glass phase, remains a crucial but poorly understood problem. One of the obstacles in the Monte Carlo simulation of random frustrated systems is their long relaxation time making an efficient parallel implementation on state-of-the-art computation platforms highly desirable. The Graphics Processing Unit (GPU) is such a platform that provides an opportunity to significantly enhance the computational performance and thus gain new insight into this problem. In this paper, we present optimization and tuning approaches for the \{CUDA\} implementation of the spin glass simulation on GPUs. We discuss the integration of various design alternatives, such as \{GPU\} kernel construction with minimal communication, memory tiling, and look-up tables. We present a binary data format, Compact Asynchronous Multispin Coding (CAMSC), which provides an additional 28.4% speedup compared with the traditionally used Asynchronous Multispin Coding (AMSC). Our overall design sustains a performance of 33.5 ps per spin flip attempt for simulating the three-dimensional Edwards--Anderson model with parallel tempering, which significantly improves the performance over existing \{GPU\} implementations. },
	Author = {Ye Fang and Sheng Feng and Ka-Ming Tam and Zhifeng Yun and Juana Moreno and J. Ramanujam and Mark Jarrell},
	Date-Added = {2016-04-04 19:15:02 +0000},
	Date-Modified = {2016-04-04 19:15:02 +0000},
	Doi = {http://dx.doi.org/10.1016/j.cpc.2014.05.020},
	Issn = {0010-4655},
	Journal = {Computer Physics Communications},
	Keywords = {CUDA},
	Number = {10},
	Pages = {2467 - 2478},
	Title = {Parallel tempering simulation of the three-dimensional Edwards--Anderson model with compact asynchronous multispin coding on \{GPU\}},
	Url = {http://www.sciencedirect.com/science/article/pii/S0010465514001854},
	Volume = {185},
	Year = {2014},
	Bdsk-Url-1 = {http://www.sciencedirect.com/science/article/pii/S0010465514001854},
	Bdsk-Url-2 = {http://dx.doi.org/10.1016/j.cpc.2014.05.020}}

@article{PhysRev.134.A676,
	Author = {Lutes, O. S. and Schmit, J. L.},
	Date-Added = {2016-03-29 22:03:41 +0000},
	Date-Modified = {2016-03-29 22:03:41 +0000},
	Doi = {10.1103/PhysRev.134.A676},
	Issue = {3A},
	Journal = {Phys. Rev.},
	Month = {May},
	Numpages = {0},
	Pages = {A676--A683},
	Publisher = {American Physical Society},
	Title = {Low-Temperature Magnetic Transitions in Dilute Au-Based Alloys with Cr, Mn, and Fe},
	Url = {http://link.aps.org/doi/10.1103/PhysRev.134.A676},
	Volume = {134},
	Year = {1964},
	Bdsk-Url-1 = {http://link.aps.org/doi/10.1103/PhysRev.134.A676},
	Bdsk-Url-2 = {http://dx.doi.org/10.1103/PhysRev.134.A676}}

@article{THOLENCE1980113,
	Abstract = {For the first time, the frequency dependence of Tf (temperature of the maximum of the a.c. susceptibility of spin-glasses) is shown to obey a Fulcher law τ = τo exp [Eak(Tf−Tf)]. This is observed as well in the case of dilute alloys (or R.K.K.Y. spin-glasses : CuMn, AuFe, {\ldots}) as for frustrated systems (Eu1−xGdxS, EuxSr1−xS {\ldots}). For R.K.K.Y. spin-glasses, only in the case of a very small amplitude, Vo of the R.K.K.Y. interaction, this time dependence approaches an Arrhenius law. In the case of ``frustrated'' spin-glasses the concentration is the main parameter to determine the kind of frequency dependence of Tf. These properties are evidence for a glass-like phase transition in spin-glasses. The scaling of the frequency dependence of Tf with Vo is justified for R.K.K.Y. spin-glasses from present data.},
	Author = {J.L. Tholence},
	Date-Added = {2016-03-25 04:02:21 +0000},
	Date-Modified = {2016-03-25 04:02:21 +0000},
	Doi = {http://dx.doi.org/10.1016/0038-1098(80)90225-2},
	Issn = {0038-1098},
	Journal = {Solid State Communications},
	Number = {2},
	Pages = {113 - 117},
	Title = {On the frequency dependence of the transition temperature in spin glasses},
	Url = {http://www.sciencedirect.com/science/article/pii/0038109880902252},
	Volume = {35},
	Year = {1980},
	Bdsk-Url-1 = {http://www.sciencedirect.com/science/article/pii/0038109880902252},
	Bdsk-Url-2 = {http://dx.doi.org/10.1016/0038-1098(80)90225-2}}

@article{doi:10.1143/JPSJ.62.4488,
	Author = {Hiroko Aruga Katori and Atsuko Ito},
	Date-Added = {2016-03-25 03:56:34 +0000},
	Date-Modified = {2016-03-25 03:56:34 +0000},
	Doi = {10.1143/JPSJ.62.4488},
	Eprint = {http://dx.doi.org/10.1143/JPSJ.62.4488},
	Journal = {Journal of the Physical Society of Japan},
	Number = {12},
	Pages = {4488-4502},
	Title = {Magnetic Property and Phase Diagram of a Frustrated System with Competing Exchange Interactions, FexMn1-xTiO3},
	Url = {http://dx.doi.org/10.1143/JPSJ.62.4488},
	Volume = {62},
	Year = {1993},
	Bdsk-Url-1 = {http://dx.doi.org/10.1143/JPSJ.62.4488}}

@article{:/content/aip/journal/jap/53/3/10.1063/1.330780,
	Author = {Holtzberg, F. and Francavilla, T. L. and Huang, C. Y. and Tholence, J. L.},
	Date-Added = {2016-03-25 03:53:18 +0000},
	Date-Modified = {2016-03-25 03:53:18 +0000},
	Doi = {http://dx.doi.org/10.1063/1.330780},
	Journal = {Journal of Applied Physics},
	Number = {3},
	Pages = {2229-2231},
	Title = {Frequency dependence of the ac susceptibility of EuxSr1−xS},
	Url = {http://scitation.aip.org/content/aip/journal/jap/53/3/10.1063/1.330780},
	Volume = {53},
	Year = {1982},
	Bdsk-Url-1 = {http://scitation.aip.org/content/aip/journal/jap/53/3/10.1063/1.330780},
	Bdsk-Url-2 = {http://dx.doi.org/10.1063/1.330780}}

@article{PhysRevB.25.515,
	Author = {Mulder, C. A. M. and van Duyneveldt, A. J. and Mydosh, J. A.},
	Date-Added = {2016-03-25 03:50:19 +0000},
	Date-Modified = {2016-03-25 03:50:19 +0000},
	Doi = {10.1103/PhysRevB.25.515},
	Issue = {1},
	Journal = {Phys. Rev. B},
	Month = {Jan},
	Numpages = {0},
	Pages = {515--518},
	Publisher = {American Physical Society},
	Title = {Frequency and field dependence of the ac susceptibility of the $\mathrm{Au}\mathrm{Mn}$ spin-glass},
	Url = {http://link.aps.org/doi/10.1103/PhysRevB.25.515},
	Volume = {25},
	Year = {1982},
	Bdsk-Url-1 = {http://link.aps.org/doi/10.1103/PhysRevB.25.515},
	Bdsk-Url-2 = {http://dx.doi.org/10.1103/PhysRevB.25.515}}

@article{NIEUWENHUYS1977880,
	Abstract = {Heat-capacity measurements on a Au Fe (4 at.%) spin glass reveal long-time relaxation processes due to the magnetic history of the sample. We present measurements of the heat flow from or to the sample induced by changes of an external magnetic field. A 1/t dependence, in agreement with Monte-Carlo simulations.},
	Author = {G.J. Nieuwenhuys and J.A. Mydosh},
	Date-Added = {2016-03-25 01:50:13 +0000},
	Date-Modified = {2016-03-25 01:50:13 +0000},
	Doi = {http://dx.doi.org/10.1016/0378-4363(77)90726-4},
	Issn = {0378-4363},
	Journal = {Physica B+C},
	Pages = {880 - 882},
	Title = {Long-time relaxation effects in spin-glasses: The heat capacity of Au Fe},
	Url = {http://www.sciencedirect.com/science/article/pii/0378436377907264},
	Volume = {86},
	Year = {1977},
	Bdsk-Url-1 = {http://www.sciencedirect.com/science/article/pii/0378436377907264},
	Bdsk-Url-2 = {http://dx.doi.org/10.1016/0378-4363(77)90726-4}}

@article{tholence:jpa-00215633,
	Author = {Tholence, J. and Tournier, R.},
	Date-Added = {2016-03-25 01:43:17 +0000},
	Date-Modified = {2016-03-25 01:43:17 +0000},
	Doi = {10.1051/jphyscol:1974442},
	Hal_Id = {jpa-00215633},
	Hal_Version = {v1},
	Journal = {{Journal de Physique Colloques}},
	Number = {C4},
	Pages = {C4-229-C4-235},
	Pdf = {https://hal.archives-ouvertes.fr/jpa-00215633/file/ajp-jphyscol197435C442.pdf},
	Title = {{SUSCEPTIBILITY AND REMANENT MAGNETIZATION OF A SPIN GLASS}},
	Url = {https://hal.archives-ouvertes.fr/jpa-00215633},
	Volume = {35},
	Year = {1974},
	Bdsk-Url-1 = {https://hal.archives-ouvertes.fr/jpa-00215633},
	Bdsk-Url-2 = {http://dx.doi.org/10.1051/jphyscol:1974442}}

@article{Zweers1977837,
	Abstract = {Low-field susceptibility measurements on PdMn alloys (Mn conc. &gt; 4 at.%) exhibit sharply defined freezing temperatures T0. A reanalysis of the specific heat data shows that the entropy rate of change has a maximum at T0, which then gives a simple and consistent magnetic phase diagram. },
	Author = {H.A. Zweers and W. Pelt and G.J. Nieuwenhuys and J.A. Mydosh},
	Doi = {http://dx.doi.org/10.1016/0378-4363(77)90706-9},
	Issn = {0378-4363},
	Journal = {Physica B+C},
	Pages = {837 - 838},
	Title = {Spin freezing in the spin glass phase of PdMn},
	Url = {http://www.sciencedirect.com/science/article/pii/0378436377907069},
	Volume = {86--88, Part 2},
	Year = {1977},
	Bdsk-Url-1 = {http://www.sciencedirect.com/science/article/pii/0378436377907069},
	Bdsk-Url-2 = {http://dx.doi.org/10.1016/0378-4363(77)90706-9}}

@article{PhysRevB.13.4053,
	Author = {Wenger, L. E. and Keesom, P. H.},
	Date-Added = {2016-03-25 01:09:19 +0000},
	Date-Modified = {2016-03-25 01:09:19 +0000},
	Doi = {10.1103/PhysRevB.13.4053},
	Issue = {9},
	Journal = {Phys. Rev. B},
	Month = {May},
	Numpages = {0},
	Pages = {4053--4059},
	Publisher = {American Physical Society},
	Title = {Calorimetric investigation of a spin-glass alloy: \textit{Cu} Mn},
	Url = {http://link.aps.org/doi/10.1103/PhysRevB.13.4053},
	Volume = {13},
	Year = {1976},
	Bdsk-Url-1 = {http://link.aps.org/doi/10.1103/PhysRevB.13.4053},
	Bdsk-Url-2 = {http://dx.doi.org/10.1103/PhysRevB.13.4053}}

@inbook{Holtzberg1977,
	Address = {Boston, MA},
	Author = {Holtzberg, F. and Tholence, J. L. and Tournier, R.},
	Bdsk-Url-1 = {http://dx.doi.org/10.1007/978-1-4613-4178-9\_17},
	Chapter = {The Remanent Magnetization of Spin Glasses and the Dipolar Coupling},
	Date-Added = {2016-03-25 01:08:12 +0000},
	Date-Modified = {2016-03-25 01:08:12 +0000},
	Doi = {10.1007/978-1-4613-4178-9\_17},
	Editor = {Levy, R. A. and Hasegawa, R.},
	Isbn = {978-1-4613-4178-9},
	Pages = {155--167},
	Publisher = {Springer US},
	Title = {Amorphous Magnetism II},
	Url = {http://dx.doi.org/10.1007/978-1-4613-4178-9\_17},
	Year = {1977},
	Bdsk-Url-2 = {http://dx.doi.org/10.1007/978-1-4613-4178-9%5C_17}}

@article{:/content/aip/proceeding/aipcp/10.1063/1.30565,
	Author = {Kline, R. W. and de Graaf, A. M. and Wenger, L. E. and Keesom, P. H.},
	Date-Added = {2016-03-25 00:38:52 +0000},
	Date-Modified = {2016-03-25 00:38:52 +0000},
	Doi = {http://dx.doi.org/10.1063/1.30565},
	Journal = {AIP Conference Proceedings},
	Number = {1},
	Pages = {169-171},
	Title = {A calorimetric study of MnO⋅Al2O3⋅SiO2 glasses},
	Url = {http://scitation.aip.org/content/aip/proceeding/aipcp/10.1063/1.30565},
	Volume = {29},
	Year = {1976},
	Bdsk-Url-1 = {http://scitation.aip.org/content/aip/proceeding/aipcp/10.1063/1.30565},
	Bdsk-Url-2 = {http://dx.doi.org/10.1063/1.30565}}

@article{:/content/aip/proceeding/aipcp/10.1063/1.30603,
	Author = {Wassermann, E. F. and Tholence, J. L.},
	Date-Added = {2016-03-25 00:35:29 +0000},
	Date-Modified = {2016-03-25 00:35:29 +0000},
	Doi = {http://dx.doi.org/10.1063/1.30603},
	Journal = {AIP Conference Proceedings},
	Number = {1},
	Pages = {237-238},
	Title = {Low temperature magnetic properties of the spin glass system PtMn},
	Url = {http://scitation.aip.org/content/aip/proceeding/aipcp/10.1063/1.30603},
	Volume = {29},
	Year = {1976},
	Bdsk-Url-1 = {http://scitation.aip.org/content/aip/proceeding/aipcp/10.1063/1.30603},
	Bdsk-Url-2 = {http://dx.doi.org/10.1063/1.30603}}

@article{THOLENCE1977875,
	Abstract = {The temperature dependence of the reversible susceptibility and thermoremanent magnetization TRM of dilute PtMn alloys indicates that there is a tendency from typical spin glass to Kondo-behaviour at concentrations around 0.1% Mn.},
	Author = {J.L. Tholence and E.F. Wassermann},
	Date-Added = {2016-03-25 00:31:17 +0000},
	Date-Modified = {2016-03-25 00:31:17 +0000},
	Doi = {http://dx.doi.org/10.1016/0378-4363(77)90724-0},
	Issn = {0378-4363},
	Journal = {Physica B+C},
	Pages = {875 - 876},
	Title = {Low temperature susceptibility of dilute PtMn alloys},
	Url = {http://www.sciencedirect.com/science/article/pii/0378436377907240},
	Volume = {86},
	Year = {1977},
	Bdsk-Url-1 = {http://www.sciencedirect.com/science/article/pii/0378436377907240},
	Bdsk-Url-2 = {http://dx.doi.org/10.1016/0378-4363(77)90724-0}}

@article{Brooke779,
	Abstract = {Traditional simulated annealing uses thermal fluctuations for convergence in optimization problems. Quantum tunneling provides a different mechanism for moving between states, with the potential for reduced time scales. Thermal and quantum annealing are compared in a model disordered magnet, where the effects of quantum mechanics can be tuned by varying an applied magnetic field. The results indicate that quantum annealing hastens convergence to the optimum state.},
	Author = {Brooke, J. and Bitko, D. and F., T. and Rosenbaum and Aeppli, G.},
	Doi = {10.1126/science.284.5415.779},
	Eprint = {http://science.sciencemag.org/content/284/5415/779.full.pdf},
	Issn = {0036-8075},
	Journal = {Science},
	Number = {5415},
	Pages = {779--781},
	Publisher = {American Association for the Advancement of Science},
	Title = {Quantum Annealing of a Disordered Magnet},
	Url = {http://science.sciencemag.org/content/284/5415/779},
	Volume = {284},
	Year = {1999},
	Bdsk-Url-1 = {http://science.sciencemag.org/content/284/5415/779},
	Bdsk-Url-2 = {http://dx.doi.org/10.1126/science.284.5415.779}}

@article{Landau-1957a,
	Author = {{Landau}, L.~D.},
	Journal = {JETP},
	Pages = {920},
	Volume = {3},
	Year = {1957}}

@article{Landau-1957b,
	Author = {{Landau}, L.~D.},
	Journal = {JETP},
	Pages = {101},
	Volume = {5},
	Year = {1957}}

@article{Qi-Zhang-2011,
	Author = {Qi, Xiao-Liang and Zhang, Shou-Cheng},
	Doi = {10.1103/RevModPhys.83.1057},
	Issue = {4},
	Journal = {Rev. Mod. Phys.},
	Month = {Oct},
	Numpages = {0},
	Pages = {1057--1110},
	Publisher = {American Physical Society},
	Title = {Topological insulators and superconductors},
	Url = {http://link.aps.org/doi/10.1103/RevModPhys.83.1057},
	Volume = {83},
	Year = {2011},
	Bdsk-Url-1 = {http://link.aps.org/doi/10.1103/RevModPhys.83.1057},
	Bdsk-Url-2 = {http://dx.doi.org/10.1103/RevModPhys.83.1057}}

@article{Tomonaga-1950,
	Author = {{Tomonaga}, S.-i.},
	Journal = {JETP},
	Pages = {544},
	Volume = 5,
	Year = 1950}

@article{Luttinger-1963,
	Author = {Luttinger, J. M.},
	Doi = {http://dx.doi.org/10.1063/1.1704046},
	Journal = {Journal of Mathematical Physics},
	Number = {9},
	Pages = {1154-1162},
	Title = {An Exactly Soluble Model of a Many‐Fermion System},
	Url = {http://scitation.aip.org/content/aip/journal/jmp/4/9/10.1063/1.1704046},
	Volume = {4},
	Year = {1963},
	Bdsk-Url-1 = {http://scitation.aip.org/content/aip/journal/jmp/4/9/10.1063/1.1704046},
	Bdsk-Url-2 = {http://dx.doi.org/10.1063/1.1704046}}

@article{Mott-Peierls-1937,
	Author = {N F Mott and R Peierls},
	Journal = {Proceedings of the Physical Society},
	Number = {4S},
	Pages = {72},
	Title = {Discussion of the paper by de Boer and Verwey},
	Url = {http://stacks.iop.org/0959-5309/49/i=4S/a=308},
	Volume = {49},
	Year = {1937},
	Bdsk-Url-1 = {http://stacks.iop.org/0959-5309/49/i=4S/a=308}}

@article{Hertz-1976,
	Author = {Hertz, John A.},
	Doi = {10.1103/PhysRevB.14.1165},
	Issue = {3},
	Journal = {Phys. Rev. B},
	Month = {Aug},
	Numpages = {0},
	Pages = {1165--1184},
	Publisher = {American Physical Society},
	Title = {Quantum critical phenomena},
	Url = {http://link.aps.org/doi/10.1103/PhysRevB.14.1165},
	Volume = {14},
	Year = {1976},
	Bdsk-Url-1 = {http://link.aps.org/doi/10.1103/PhysRevB.14.1165},
	Bdsk-Url-2 = {http://dx.doi.org/10.1103/PhysRevB.14.1165}}

@article{Jarrell-1992,
	Author = {Jarrell, M.},
	Doi = {10.1103/PhysRevLett.69.168},
	Issue = {1},
	Journal = {Phys. Rev. Lett.},
	Month = {Jul},
	Numpages = {0},
	Pages = {168--171},
	Publisher = {American Physical Society},
	Title = {Hubbard model in infinite dimensions: A quantum Monte Carlo study},
	Url = {http://link.aps.org/doi/10.1103/PhysRevLett.69.168},
	Volume = {69},
	Year = {1992},
	Bdsk-Url-1 = {http://link.aps.org/doi/10.1103/PhysRevLett.69.168},
	Bdsk-Url-2 = {http://dx.doi.org/10.1103/PhysRevLett.69.168}}

@article{DCA-2005,
	Author = {Maier, Thomas and Jarrell, Mark and Pruschke, Thomas and Hettler, Matthias H.},
	Doi = {10.1103/RevModPhys.77.1027},
	Issue = {3},
	Journal = {Rev. Mod. Phys.},
	Month = {Oct},
	Numpages = {0},
	Pages = {1027--1080},
	Publisher = {American Physical Society},
	Title = {Quantum cluster theories},
	Url = {http://link.aps.org/doi/10.1103/RevModPhys.77.1027},
	Volume = {77},
	Year = {2005},
	Bdsk-Url-1 = {http://link.aps.org/doi/10.1103/RevModPhys.77.1027},
	Bdsk-Url-2 = {http://dx.doi.org/10.1103/RevModPhys.77.1027}}

@article{1983Sci...220..671K,
	Adsnote = {Provided by the SAO/NASA Astrophysics Data System},
	Adsurl = {http://adsabs.harvard.edu/abs/1983Sci...220..671K},
	Author = {{Kirkpatrick}, S. and {Gelatt}, C.~D. and {Vecchi}, M.~P.},
	Date-Added = {2016-03-24 16:34:29 +0000},
	Date-Modified = {2016-03-24 16:34:29 +0000},
	Doi = {10.1126/science.220.4598.671},
	Journal = {Science},
	Number = {5415},
	Pages = {779--781},
	Publisher = {American Association for the Advancement of Science},
	Title = {Quantum Annealing of a Disordered Magnet},
	Url = {http://science.sciencemag.org/content/284/5415/779},
	Volume = {284},
	Year = {1999},
	Bdsk-Url-1 = {http://science.sciencemag.org/content/284/5415/779},
	Bdsk-Url-2 = {http://dx.doi.org/10.1126/science.220.4598.671}}

@article{PhysRevLett.71.1919,
	Author = {Wu, Wenhao and Bitko, D. and Rosenbaum, T. F. and Aeppli, G.},
	Date-Added = {2016-03-24 16:55:34 +0000},
	Date-Modified = {2016-03-24 16:55:34 +0000},
	Doi = {10.1103/PhysRevLett.71.1919},
	Issue = {12},
	Journal = {Phys. Rev. Lett.},
	Month = {Sep},
	Numpages = {0},
	Pages = {1919--1922},
	Publisher = {American Physical Society},
	Title = {Quenching of the nonlinear susceptibility at a \textit{T} =0 spin glass transition},
	Url = {http://link.aps.org/doi/10.1103/PhysRevLett.71.1919},
	Volume = {71},
	Year = {1993},
	Bdsk-Url-1 = {http://link.aps.org/doi/10.1103/PhysRevLett.71.1919},
	Bdsk-Url-2 = {http://dx.doi.org/10.1103/PhysRevLett.71.1919}}

@article{PhysRevB.42.4631,
	Author = {Reich, D. H. and Ellman, B. and Yang, J. and Rosenbaum, T. F. and Aeppli, G. and Belanger, D. P.},
	Date-Added = {2016-03-24 16:54:57 +0000},
	Date-Modified = {2016-03-24 16:54:57 +0000},
	Doi = {10.1103/PhysRevB.42.4631},
	Issue = {7},
	Journal = {Phys. Rev. B},
	Month = {Sep},
	Numpages = {0},
	Pages = {4631--4644},
	Publisher = {American Physical Society},
	Title = {Dipolar magnets and glasses: Neutron-scattering, dynamical, and calorimetric studies of randomly distributed Ising spins},
	Url = {http://link.aps.org/doi/10.1103/PhysRevB.42.4631},
	Volume = {42},
	Year = {1990},
	Bdsk-Url-1 = {http://link.aps.org/doi/10.1103/PhysRevB.42.4631},
	Bdsk-Url-2 = {http://dx.doi.org/10.1103/PhysRevB.42.4631}}

@article{Silevitch:2007sf,
	Annote = {10.1038/nature06050},
	Author = {Silevitch, D. M. and Bitko, D. and Brooke, J. and Ghosh, S. and Aeppli, G. and Rosenbaum, T. F.},
	Date = {2007/08/02/print},
	Date-Added = {2016-03-24 16:54:12 +0000},
	Date-Modified = {2016-03-24 16:54:12 +0000},
	Day = {02},
	Isbn = {0028-0836},
	Journal = {Nature},
	M3 = {10.1038/nature06050},
	Month = {08},
	Number = {7153},
	Pages = {567--570},
	Publisher = {Nature Publishing Group},
	Title = {A ferromagnet in a continuously tunable random field},
	Ty = {JOUR},
	Url = {http://dx.doi.org/10.1038/nature06050},
	Volume = {448},
	Year = {2007},
	Bdsk-Url-1 = {http://dx.doi.org/10.1038/nature06050}}

@article{Ghosh:2003xy,
	Annote = {10.1038/nature01888},
	Author = {Ghosh, S. and Rosenbaum, T. F. and Aeppli, G. and Coppersmith, S. N.},
	Date = {2003/09/04/print},
	Date-Added = {2016-03-24 16:52:57 +0000},
	Date-Modified = {2016-03-24 16:52:57 +0000},
	Day = {04},
	Isbn = {0028-0836},
	Journal = {Nature},
	M3 = {10.1038/nature01888},
	Month = {09},
	Number = {6953},
	Pages = {48--51},
	Title = {Entangled quantum state of magnetic dipoles},
	Ty = {JOUR},
	Url = {http://dx.doi.org/10.1038/nature01888},
	Volume = {425},
	Year = {2003},
	Bdsk-Url-1 = {http://dx.doi.org/10.1038/nature01888}}

@article{Brooke:2001qf,
	Annote = {10.1038/35098037},
	Author = {Brooke, J. and Rosenbaum, T. F. and Aeppli, G.},
	Date = {2001/10/11/print},
	Date-Added = {2016-03-24 16:51:30 +0000},
	Date-Modified = {2016-03-24 16:51:30 +0000},
	Day = {11},
	Isbn = {0028-0836},
	Journal = {Nature},
	M3 = {10.1038/35098037},
	Month = {10},
	Number = {6856},
	Pages = {610--613},
	Title = {Tunable quantum tunnelling of magnetic domain walls},
	Ty = {JOUR},
	Url = {http://dx.doi.org/10.1038/35098037},
	Volume = {413},
	Year = {2001},
	Bdsk-Url-1 = {http://dx.doi.org/10.1038/35098037}}

@article{0953-8984-9-35-010,
	Abstract = {A recently developed dynamical mean-field theory, in the iterated perturbation theory approximation, was used as a basis for the construction of a `first-principles' calculation scheme for investigating the electronic structure of strongly correlated electron systems. This scheme is based on the local density approximation (LDA) within the framework of the linearized muffin-tin orbitals (LMTO) method. The classical example of the doped Mott insulator ##IMG## [http://ej.iop.org/images/0953-8984/9/35/010/img8.gif] was studied by the new method, and the results showed qualitative improvement when compared with experimental photoemission spectra.},
	Author = {V I Anisimov and A I Poteryaev and M A Korotin and A O Anokhin and G Kotliar},
	Date-Added = {2015-05-04 12:41:10 +0000},
	Date-Modified = {2015-05-04 12:41:10 +0000},
	Journal = {Journal of Physics: Condensed Matter},
	Number = {35},
	Pages = {7359},
	Title = {First-principles calculations of the electronic structure and spectra of strongly correlated systems: dynamical mean-field theory},
	Url = {http://stacks.iop.org/0953-8984/9/i=35/a=010},
	Volume = {9},
	Year = {1997},
	Bdsk-Url-1 = {http://stacks.iop.org/0953-8984/9/i=35/a=010}}

@article{10.1109/2.214439,
	Address = {Los Alamitos, CA, USA},
	Author = {Ashfaq A. Khokhar and Viktor K. Prasanna and Muhammad E. Shaaban and Cho-Li Wang},
	Doi = {http://doi.ieeecomputersociety.org/10.1109/2.214439},
	Issn = {0018-9162},
	Journal = {Computer},
	Number = {6},
	Pages = {18-27},
	Publisher = {IEEE Computer Society},
	Title = {Heterogeneous Computing: Challenges and Opportunities},
	Volume = {26},
	Year = {1993},
	Bdsk-Url-1 = {http://doi.ieeecomputersociety.org/10.1109/2.214439}}

@article{1742-5468-2006-03-P03018,
	Abstract = {We introduce an algorithm for systematically improving the efficiency of parallel tempering Monte Carlo simulations by optimizing the simulated temperature set. Our approach is closely related to a recently introduced adaptive algorithm that optimizes the simulated statistical ensemble in generalized broad-histogram Monte Carlo simulations. Conventionally, a temperature set is chosen in such a way that the acceptance rates for replica swaps between adjacent temperatures are independent of the temperature and large enough to ensure frequent swaps. In this paper, we show that by choosing the temperatures with a modified version of the optimized ensemble feedback method we can minimize the round-trip times between the lowest and highest temperatures which effectively increases the efficiency of the parallel tempering algorithm. In particular, the density of temperatures in the optimized temperature set increases at the 'bottlenecks' of the simulation, such as phase transitions. In turn, the acceptance rates are now temperature dependent in the optimized temperature ensemble. We illustrate the feedback-optimized parallel tempering algorithm by studying the two-dimensional Ising ferromagnet and the two-dimensional fully frustrated Ising model, and briefly discuss possible feedback schemes for systems that require configurational averages, such as spin glasses.},
	Author = {Helmut G Katzgraber and Simon Trebst and David A Huse and Matthias Troyer},
	Date-Added = {2013-11-07 16:55:35 +0000},
	Date-Modified = {2013-11-07 16:55:35 +0000},
	Journal = {Journal of Statistical Mechanics: Theory and Experiment},
	Number = {03},
	Pages = {P03018},
	Title = {Feedback-optimized parallel tempering Monte Carlo},
	Url = {http://stacks.iop.org/1742-5468/2006/i=03/a=P03018},
	Volume = {2006},
	Year = {2006},
	Bdsk-Url-1 = {http://stacks.iop.org/1742-5468/2006/i=03/a=P03018}}

@article{1986PhRvL..56.2521H,
	Adsnote = {Provided by the SAO/NASA Astrophysics Data System},
	Adsurl = {http://adsabs.harvard.edu/abs/1986PhRvL..56.2521H},
	Author = {{Hirsch}, J.~E. and {Fye}, R.~M.},
	Date-Added = {2015-05-04 12:44:55 +0000},
	Date-Modified = {2015-05-04 12:44:55 +0000},
	Doi = {10.1103/PhysRevLett.56.2521},
	Journal = {Physical Review Letters},
	Keywords = {Conduction Electrons, Electron Scattering, Impurities, Magnetic Materials, Monte Carlo Method, Algorithms, Dyson Theory, Green'S Functions, Hamiltonian Functions},
	Month = jun,
	Pages = {2521-2524},
	Title = {{Monte Carlo method for magnetic impurities in metals}},
	Volume = 56,
	Year = 1986,
	Bdsk-Url-1 = {http://dx.doi.org/10.1103/PhysRevLett.56.2521}}

@article{1996cond.mat..1140K,
	Author = {{Kikuchi}, M. and {Okabe}, Y.},
	Date-Added = {2015-04-30 05:26:47 +0000},
	Date-Modified = {2015-04-30 05:26:47 +0000},
	Eprint = {arXiv:cond-mat/9601140},
	Journal = {eprint arXiv:cond-mat/9601140},
	Keywords = {Condensed Matter},
	Month = jan,
	Title = {{Multi-Spin Coding of the Monte Carlo Simulation of the Three-State Random Potts Model and the Block-Spin Transformation}},
	Year = 1996}

@article{1998PhyA..254..164J,
	Adsnote = {Provided by the SAO/NASA Astrophysics Data System},
	Adsurl = {http://adsabs.harvard.edu/abs/1998PhyA..254..164J},
	Author = {{Janke}, W.},
	Date-Added = {2016-03-24 16:33:23 +0000},
	Date-Modified = {2016-03-24 16:33:23 +0000},
	Doi = {10.1016/S0378-4371(98)00014-4},
	Journal = {Physica A Statistical Mechanics and its Applications},
	Pages = {164-178},
	Title = {{Multicanonical Monte Carlo simulations}},
	Volume = 254,
	Year = 1998,
	Bdsk-Url-1 = {http://dx.doi.org/10.1016/S0378-4371(98)00014-4}}

@article{2005PCCP....7.3910E,
	Author = {{Earl}, D.~J. and {Deem}, M.~W.},
	Date-Added = {2015-04-30 05:26:47 +0000},
	Date-Modified = {2015-04-30 05:26:47 +0000},
	Eprint = {arXiv:physics/0508111},
	Journal = {Physical Chemistry Chemical Physics (Incorporating Faraday Transactions)},
	Pages = {3910},
	Title = {{Parallel tempering: Theory, applications, and new perspectives}},
	Volume = 7,
	Year = 2005}

@article{2005PhRvB..72c5122R,
	Adsnote = {Provided by the SAO/NASA Astrophysics Data System},
	Adsurl = {http://adsabs.harvard.edu/abs/2005PhRvB..72c5122R},
	Author = {{Rubtsov}, A.~N. and {Savkin}, V.~V. and {Lichtenstein}, A.~I.},
	Date-Added = {2015-05-04 12:46:38 +0000},
	Date-Modified = {2015-05-04 12:54:55 +0000},
	Doi = {10.1103/PhysRevB.72.035122},
	Eid = {035122},
	Eprint = {cond-mat/0411344},
	Journal = {Physical Review B},
	Keywords = {Lattice fermion models, Quantum Monte Carlo methods, Strongly correlated electron systems, heavy fermions},
	Month = jul,
	Number = 3,
	Pages = {035122},
	Title = {{Continuous-time quantum Monte Carlo method for fermions}},
	Volume = 72,
	Year = 2005,
	Bdsk-Url-1 = {http://dx.doi.org/10.1103/PhysRevB.72.035122}}

@article{2006PhRvB..73v4432K,
	Author = {{Katzgraber}, H.~G. and {K{\"o}rner}, M. and {Young}, A.~P.},
	Date-Added = {2015-04-30 05:26:47 +0000},
	Date-Modified = {2015-04-30 05:26:47 +0000},
	Eid = {224432},
	Eprint = {arXiv:cond-mat/0602212},
	Journal = {Phys. Rev. B, 73, 224432 (2006)},
	Keywords = {Spin glasses and other random magnets, Numerical simulation studies, Lattice theory and statistics},
	Month = jun,
	Number = 22,
	Pages = {224432},
	Title = {{Universality in three-dimensional Ising spin glasses: A Monte Carlo study}},
	Volume = 73,
	Year = 2006}

@article{2007PhRvB..76e4423B,
	Adsnote = {Provided by the SAO/NASA Astrophysics Data System},
	Adsurl = {http://adsabs.harvard.edu/abs/2007PhRvB..76e4423B},
	Archiveprefix = {arXiv},
	Author = {{Biltmo}, A. and {Henelius}, P.},
	Doi = {10.1103/PhysRevB.76.054423},
	Eid = {054423},
	Eprint = {0704.3656},
	Journal = {Phys. Rev. B},
	Keywords = {Classical spin models, Numerical simulation studies, Spin glasses and other random magnets},
	Month = aug,
	Number = {5},
	Pages = {054423},
	Primaryclass = {cond-mat.stat-mech},
	Title = {{Phase diagram of the dilute magnet LiHo$_{x}$Y$_{1-x}$F$_{4}$}},
	Volume = {76},
	Year = {2007},
	Bdsk-Url-1 = {http://dx.doi.org/10.1103/PhysRevB.76.054423}}

@article{2008CoPhC.178..208B,
	Archiveprefix = {arXiv},
	Author = {{Belletti}, F. and {Cotallo}, M. and {Cruz}, A. and {Fern{\'a}ndez}, L.~A. and {Gordillo}, A. and {Maiorano}, A. and {Mantovani}, F. and {Marinari}, E. and {Mart{\'{\i}}n-Mayor}, V. and {Mu{\~n}oz-Sudupe}, A. and {Navarro}, D. and {P{\'e}rez-Gaviro}, S. and {Ruiz-Lorenzo}, J.~J. and {Schifano}, S.~F. and {Sciretti}, D. and {Taranc{\'o}n}, A. and {Tripiccione}, R. and {Velasco}, J.~L.},
	Date-Added = {2015-04-30 05:26:47 +0000},
	Date-Modified = {2015-04-30 05:26:47 +0000},
	Eprint = {0704.3573},
	Journal = {Computer Physics Communications},
	Keywords = {Monte Carlo methods, Computational methods in statistical physics and nonlinear dynamics, Computer modeling and simulation, Computer systems: hardware, operating systems, computer languages, and utilities},
	Month = feb,
	Pages = {208-216},
	Primaryclass = {cond-mat.dis-nn},
	Title = {{Simulating spin systems on IANUS, an FPGA-based computer}},
	Volume = 178,
	Year = 2008}

@article{2008PhRvB..78e4437B,
	Adsnote = {Provided by the SAO/NASA Astrophysics Data System},
	Adsurl = {http://adsabs.harvard.edu/abs/2008PhRvB..78e4437B},
	Archiveprefix = {arXiv},
	Author = {{Biltmo}, A. and {Henelius}, P.},
	Doi = {10.1103/PhysRevB.78.054437},
	Eid = {054437},
	Eprint = {0803.0851},
	Journal = {Phys. Rev. B},
	Keywords = {Classical spin models, Spin glasses and other random magnets, Numerical simulation studies},
	Month = aug,
	Number = {5},
	Pages = {054437},
	Primaryclass = {cond-mat.stat-mech},
	Title = {{Low-temperature properties of the dilute dipolar magnet LiHo$_{x}$Y$_{1-x}$F$_{4}$}},
	Volume = {78},
	Year = {2008},
	Bdsk-Url-1 = {http://dx.doi.org/10.1103/PhysRevB.78.054437}}

@article{2009arXiv0905.1629K,
	Archiveprefix = {arXiv},
	Author = {{Katzgraber}, H.~G.},
	Date-Added = {2015-04-30 05:26:47 +0000},
	Date-Modified = {2015-04-30 05:26:47 +0000},
	Eprint = {0905.1629},
	Journal = {ArXiv e-prints},
	Keywords = {Condensed Matter - Statistical Mechanics, Physics - Computational Physics},
	Month = may,
	Primaryclass = {cond-mat.stat-mech},
	Title = {{Introduction to Monte Carlo Methods}},
	Year = 2009}

@article{2009PhRvL.103h7202T,
	Adsnote = {Provided by the SAO/NASA Astrophysics Data System},
	Adsurl = {http://adsabs.harvard.edu/abs/2009PhRvL.103h7202T},
	Archiveprefix = {arXiv},
	Author = {{Tam}, K.-M. and {Gingras}, M.~J.~P.},
	Doi = {10.1103/PhysRevLett.103.087202},
	Eid = {087202},
	Eprint = {0810.0854},
	Journal = {Physical Review Letters},
	Keywords = {Spin-glass and other random models, Static properties, Numerical simulation studies, Spin glasses and other random magnets},
	Month = aug,
	Number = {8},
	Pages = {087202},
	Primaryclass = {cond-mat.dis-nn},
	Title = {{Spin-Glass Transition at Nonzero Temperature in a Disordered Dipolar Ising System: The Case of LiHo$_{x}$Y$_{1-x}$F$_{4}$}},
	Volume = {103},
	Year = {2009},
	Bdsk-Url-1 = {http://dx.doi.org/10.1103/PhysRevLett.103.087202}}

@article{2010arXiv1005.4117K,
	Archiveprefix = {arXiv},
	Author = {{Katzgraber}, H.~G.},
	Date-Added = {2015-04-30 05:26:47 +0000},
	Date-Modified = {2015-04-30 05:26:47 +0000},
	Eprint = {1005.4117},
	Journal = {ArXiv e-prints},
	Keywords = {Physics - Computational Physics, Computer Science - Mathematical Software, Computer Science - Numerical Analysis, Physics - Data Analysis, Statistics and Probability},
	Month = may,
	Primaryclass = {physics.comp-ph},
	Title = {{Random Numbers in Scientific Computing: An Introduction}},
	Year = 2010}

@article{2010arXiv1006.2566B,
	Archiveprefix = {arXiv},
	Author = {{Bernaschi}, M. and {Parisi}, G. and {Parisi}, L.},
	Date-Added = {2015-04-30 05:26:47 +0000},
	Date-Modified = {2015-04-30 05:26:47 +0000},
	Eprint = {1006.2566},
	Journal = {ArXiv e-prints},
	Keywords = {Condensed Matter - Disordered Systems and Neural Networks, Computer Science - Distributed, Parallel, and Cluster Computing},
	Month = jun,
	Primaryclass = {cond-mat.dis-nn},
	Title = {{The Heisenberg spin glass model on GPU: myths and actual facts}},
	Year = 2010}

@article{2010CoPhC.181.1549B,
	Archiveprefix = {arXiv},
	Author = {{Block}, B. and {Virnau}, P. and {Preis}, T.},
	Date-Added = {2015-04-30 05:26:47 +0000},
	Date-Modified = {2015-04-30 05:26:47 +0000},
	Eprint = {1007.3726},
	Journal = {Computer Physics Communications},
	Month = sep,
	Pages = {1549-1556},
	Primaryclass = {physics.comp-ph},
	Title = {{Multi-GPU accelerated multi-spin Monte Carlo simulations of the 2D Ising model}},
	Volume = 181,
	Year = 2010}

@article{2011arXiv1107.5463W,
	Archiveprefix = {arXiv},
	Author = {{Weigel}, M. and {Yavors'kii}, T.},
	Date-Added = {2015-04-30 05:26:47 +0000},
	Date-Modified = {2015-04-30 05:26:47 +0000},
	Eprint = {1107.5463},
	Journal = {ArXiv e-prints},
	Keywords = {Physics - Computational Physics, Condensed Matter - Statistical Mechanics, High Energy Physics - Lattice},
	Month = jul,
	Primaryclass = {physics.comp-ph},
	Title = {{GPU accelerated Monte Carlo simulations of lattice spin models}},
	Year = 2011}

@article{2011CoPhC.182.1833W,
	Archiveprefix = {arXiv},
	Author = {{Weigel}, M.},
	Date-Added = {2015-04-30 05:26:47 +0000},
	Date-Modified = {2015-04-30 05:26:47 +0000},
	Eprint = {1006.3865},
	Journal = {Computer Physics Communications},
	Month = sep,
	Pages = {1833-1836},
	Primaryclass = {cond-mat.stat-mech},
	Title = {{Simulating spin models on GPU}},
	Volume = 182,
	Year = 2011}

@article{2011PhRvB..84g5145B,
	Adsnote = {Provided by the SAO/NASA Astrophysics Data System},
	Adsurl = {http://adsabs.harvard.edu/abs/2011PhRvB..84g5145B},
	Archiveprefix = {arXiv},
	Author = {{Boehnke}, L. and {Hafermann}, H. and {Ferrero}, M. and {Lechermann}, F. and {Parcollet}, O.},
	Date-Added = {2016-03-24 16:26:12 +0000},
	Date-Modified = {2016-03-24 16:26:12 +0000},
	Doi = {10.1103/PhysRevB.84.075145},
	Eid = {075145},
	Eprint = {1104.3215},
	Journal = {Phys. Rev. B},
	Keywords = {Strongly correlated electron systems, heavy fermions, Lattice fermion models},
	Month = aug,
	Number = 7,
	Pages = {075145},
	Primaryclass = {cond-mat.str-el},
	Title = {{Orthogonal polynomial representation of imaginary-time Green's functions}},
	Volume = 84,
	Year = 2011,
	Bdsk-File-1 = {YnBsaXN0MDDUAQIDBAUGJCVYJHZlcnNpb25YJG9iamVjdHNZJGFyY2hpdmVyVCR0b3ASAAGGoKgHCBMUFRYaIVUkbnVsbNMJCgsMDxJXTlMua2V5c1pOUy5vYmplY3RzViRjbGFzc6INDoACgAOiEBGABIAFgAdccmVsYXRpdmVQYXRoWWFsaWFzRGF0YV8QHy4uLy4uL0Rvd25sb2Fkcy9uYXR1cmUwMTg4OC5yaXPSFwsYGVdOUy5kYXRhTxEBhgAAAAABhgACAAAMTWFjaW50b3NoIEhEAAAAAAAAAAAAAAAAAAAAzlxuAEgrAAAAB37JD25hdHVyZTAxODg4LnJpcwAAAAAAAAAAAAAAAAAAAAAAAAAAAAAAAAAAAAAAAAAAAAAAAAAAAAAAAAAAAAAAAAQ8YHzTGYWAAAAAAAAAAAAAAgACAAAJIAAAAAAAAAAAAAAAAAAAAAlEb3dubG9hZHMAABAACAAAzly0UAAAABEACAAA0xnL0AAAAAEADAAHfskABbq7AAVoHwACADdNYWNpbnRvc2ggSEQ6VXNlcnM6AEhlYXZlbjc6AERvd25sb2FkczoAbmF0dXJlMDE4ODgucmlzAAAOACAADwBuAGEAdAB1AHIAZQAwADEAOAA4ADgALgByAGkAcwAPABoADABNAGEAYwBpAG4AdABvAHMAaAAgAEgARAASACdVc2Vycy9IZWF2ZW43L0Rvd25sb2Fkcy9uYXR1cmUwMTg4OC5yaXMAABMAAS8AABUAAgAO//8AAIAG0hscHR5aJGNsYXNzbmFtZVgkY2xhc3Nlc11OU011dGFibGVEYXRhox0fIFZOU0RhdGFYTlNPYmplY3TSGxwiI1xOU0RpY3Rpb25hcnmiIiBfEA9OU0tleWVkQXJjaGl2ZXLRJidUcm9vdIABAAgAEQAaACMALQAyADcAQABGAE0AVQBgAGcAagBsAG4AcQBzAHUAdwCEAI4AsAC1AL0CRwJJAk4CWQJiAnACdAJ7AoQCiQKWApkCqwKuArMAAAAAAAACAQAAAAAAAAAoAAAAAAAAAAAAAAAAAAACtQ==},
	Bdsk-Url-1 = {http://dx.doi.org/10.1103/PhysRevB.84.075145}}

@article{2011PhRvE..83d6709T,
	Archiveprefix = {arXiv},
	Author = {{Thomas}, C. and {Katzgraber}, H.},
	Date-Added = {2015-04-30 05:26:47 +0000},
	Date-Modified = {2015-04-30 05:26:47 +0000},
	Eid = {046709},
	Eprint = {1010.2524},
	Journal = {Phys. Rev. E 83, 046709},
	Keywords = {Computational methods in statistical physics and nonlinear dynamics, Spin glasses and other random magnets, Numerical simulation studies, Lattice theory and statistics},
	Month = apr,
	Number = 4,
	Pages = {046709},
	Primaryclass = {cond-mat.dis-nn},
	Title = {{Optimizing glassy p-spin models}},
	Volume = 83,
	Year = 2011}

@article{2012arXiv1204.6192Y,
	Archiveprefix = {arXiv},
	Author = {{Yavors'kii}, T. and {Weigel}, M.},
	Date-Added = {2015-04-30 05:26:47 +0000},
	Date-Modified = {2015-04-30 05:26:47 +0000},
	Eprint = {1204.6192},
	Journal = {ArXiv e-prints},
	Keywords = {Physics - Computational Physics, Condensed Matter - Disordered Systems and Neural Networks, Condensed Matter - Statistical Mechanics, High Energy Physics - Lattice},
	Month = apr,
	Primaryclass = {physics.comp-ph},
	Title = {{Optimized GPU simulation of continuous-spin glass models}},
	Year = 2012}

@article{2012arXiv1204.6193M,
	Archiveprefix = {arXiv},
	Author = {{Manssen}, M. and {Weigel}, M. and {Hartmann}, A.~K.},
	Date-Added = {2015-04-30 05:26:47 +0000},
	Date-Modified = {2015-04-30 05:26:47 +0000},
	Eprint = {1204.6193},
	Journal = {ArXiv e-prints},
	Keywords = {Physics - Computational Physics, Condensed Matter - Statistical Mechanics, High Energy Physics - Lattice},
	Month = apr,
	Primaryclass = {physics.comp-ph},
	Title = {{Random number generators for massively parallel simulations on GPU}},
	Year = 2012}

@article{2012arXiv1208.3181K,
	Archiveprefix = {arXiv},
	Author = {{Karmakar}, S. and {Parisi}, G.},
	Date-Added = {2015-04-30 05:26:47 +0000},
	Date-Modified = {2015-04-30 05:26:47 +0000},
	Eprint = {1208.3181},
	Journal = {ArXiv e-prints},
	Keywords = {Condensed Matter - Statistical Mechanics, Condensed Matter - Disordered Systems and Neural Networks},
	Month = aug,
	Primaryclass = {cond-mat.stat-mech},
	Title = {{Random Pinning Glass Model}},
	Year = 2012}

@article{2012JCoPh.231.1209K,
	Archiveprefix = {arXiv},
	Author = {{Komura}, Y. and {Okabe}, Y.},
	Date-Added = {2015-04-30 05:26:47 +0000},
	Date-Modified = {2015-04-30 05:26:47 +0000},
	Eprint = {1110.0899},
	Journal = {Journal of Computational Physics},
	Month = feb,
	Pages = {1209-1215},
	Primaryclass = {physics.comp-ph},
	Title = {{GPU-based single-cluster algorithm for the simulation of the Ising model}},
	Volume = 231,
	Year = 2012}

@article{2013PhyS...88c5704H,
	Adsnote = {Provided by the SAO/NASA Astrophysics Data System},
	Adsurl = {http://adsabs.harvard.edu/abs/2013PhyS...88c5704H},
	Archiveprefix = {arXiv},
	Author = {{Hirsch}, J.~E.},
	Date-Added = {2015-05-04 12:48:39 +0000},
	Date-Modified = {2015-05-04 12:55:27 +0000},
	Doi = {10.1088/0031-8949/88/03/035704},
	Eid = {035704},
	Eprint = {1302.4178},
	Journal = {Physica Scripta},
	Month = sep,
	Number = 3,
	Pages = {035704},
	Primaryclass = {cond-mat.supr-con},
	Title = {{Dynamic Hubbard model: kinetic energy driven charge expulsion, charge inhomogeneity, hole superconductivity and Meissner effect}},
	Volume = 88,
	Year = 2013,
	Bdsk-Url-1 = {http://dx.doi.org/10.1088/0031-8949/88/03/035704}}

@article{2015PhRvE..92f3307W,
	Adsnote = {Provided by the SAO/NASA Astrophysics Data System},
	Adsurl = {http://adsabs.harvard.edu/abs/2015PhRvE..92f3307W},
	Archiveprefix = {arXiv},
	Author = {{Wang}, W. and {Machta}, J. and {Katzgraber}, H.~G.},
	Date-Added = {2016-03-24 16:32:16 +0000},
	Date-Modified = {2016-03-24 16:32:16 +0000},
	Doi = {10.1103/PhysRevE.92.063307},
	Eid = {063307},
	Eprint = {1508.05647},
	Journal = {Phys. Rev. E},
	Keywords = {Monte Carlo methods, Structural modeling: serial-addition models computer simulation, Spin-glass and other random models},
	Month = dec,
	Number = 6,
	Pages = {063307},
	Primaryclass = {cond-mat.dis-nn},
	Title = {{Population annealing: Theory and application in spin glasses}},
	Volume = 92,
	Year = 2015,
	Bdsk-Url-1 = {http://dx.doi.org/10.1103/PhysRevE.92.063307}}

@article{4720223,
	Author = {F. Belletti and M. Cotallo and A. Cruz and L. A. Fernandez and A. Gordillo-Guerrero and M. Guidetti and A. Maiorano and F. Mantovani and E. Marinari and V. Martin-Mayor and A. Mu{\~n}oz-Sudupe and D. Navarro and G. Parisi and S. Perez-Gaviro and M. Rossi and J. J. Ruiz-Lorenzo and S. F. Schifano and D. Sciretti and A. Tarancon and R. Tripiccione and J. L. Velasco and D. Yllanes and G. Zanier},
	Doi = {10.1109/MCSE.2009.11},
	Issn = {1521-9615},
	Journal = {Computing in Science Engineering},
	Keywords = {Monte Carlo methods;field programmable gate arrays;mathematics computing;scientific information systems;statistical mechanics;ubiquitous computing;FPGA-based system;Janus;Megabits database;Monte Carlo simulations;high-performance scientific computing;statistical mechanics;Application software;Biology computing;Computational modeling;Computer simulation;Lattices;Monte Carlo methods;Parallel processing;Pervasive computing;Physics computing;Scientific computing;FPGA;Janus;Monte Carlo simulations;field-programmable gate array;scientific computing},
	Month = {Jan},
	Number = {1},
	Pages = {48-58},
	Title = {Janus: An FPGA-Based System for High-Performance Scientific Computing},
	Volume = {11},
	Year = {2009},
	Bdsk-Url-1 = {http://dx.doi.org/10.1109/MCSE.2009.11}}

@article{Almedia-Thouless1978,
	Author = {J R L de Almeida and D J Thouless},
	Date-Added = {2015-04-30 13:45:39 +0000},
	Date-Modified = {2015-04-30 13:45:39 +0000},
	Journal = {Journal of Physics A: Mathematical and General},
	Number = {5},
	Pages = {983},
	Title = {Stability of the Sherrington-Kirkpatrick solution of a spin glass model},
	Url = {http://stacks.iop.org/0305-4470/11/i=5/a=028},
	Volume = {11},
	Year = {1978},
	Bdsk-Url-1 = {http://stacks.iop.org/0305-4470/11/i=5/a=028}}

@article{Alvarez-etal-2010,
	Author = {R Alvarez Ba{\~n}os and A Cruz and L A Fernandez and A Gordillo-Guerrero and J M Gil-Narvion and M Guidetti and A Maiorano and F Mantovani and E Marinari and V Martin-Mayor and J Monforte-Garcia and A Mu{\~n}oz Sudupe and D Navarro and G Parisi and S Perez-Gaviro and J J Ruiz-Lorenzo and B Seoane and S F Schifano and A Tarancon and R Tripiccione and D Yllanes},
	Date-Added = {2015-04-30 05:26:47 +0000},
	Date-Modified = {2015-04-30 05:26:47 +0000},
	Journal = {Journal of Statistical Mechanics: Theory and Experiment},
	Number = {05},
	Pages = {P05002},
	Title = {Critical behavior of three-dimensional disordered Potts models with many states},
	Volume = {2010},
	Year = {2010},
	Bdsk-Url-1 = {http://stacks.iop.org/1742-5468/2010/i=05/a=P05002}}

@article{article-full,
	Author = {L[eslie] A. Aamport},
	Date-Added = {2015-04-30 05:26:47 +0000},
	Date-Modified = {2015-04-30 05:26:47 +0000},
	Journal = {\mbox{G-Animal's} Journal},
	Month = jul,
	Note = {This is a full ARTICLE entry},
	Number = 7,
	Pages = {73},
	Title = {The Gnats and Gnus Document Preparation System},
	Volume = 41,
	Year = 1986}

@article{Aspelmeier-Moore-Young-2003,
	Author = {Aspelmeier, T. and Moore, M. A. and Young, A. P.},
	Date-Added = {2015-04-30 05:26:47 +0000},
	Date-Modified = {2015-04-30 05:26:47 +0000},
	Doi = {10.1103/PhysRevLett.90.127202},
	Issue = {12},
	Journal = {Phys. Rev. Lett.},
	Month = {Mar},
	Numpages = {4},
	Pages = {127202},
	Publisher = {American Physical Society},
	Title = {Interface Energies in Ising Spin Glasses},
	Volume = {90},
	Year = {2003},
	Bdsk-Url-1 = {http://link.aps.org/doi/10.1103/PhysRevLett.90.127202},
	Bdsk-Url-2 = {http://dx.doi.org/10.1103/PhysRevLett.90.127202}}

@misc{avx,
	Author = {Intel},
	Date-Added = {2015-04-30 05:26:47 +0000},
	Date-Modified = {2015-04-30 05:26:47 +0000},
	Title = {Intel Advanced Vector Extensions programming reference},
	Year = {2008}}

@article{Baity-Jesi2012,
	Abstract = {We describe Janus, a massively parallel FPGA-based computer optimized for the simulation of spin glasses, theoretical models for the behavior of glassy materials. FPGAs (as compared to GPUs or many-core processors) provide a complementary approach to massively parallel computing. In particular, our model problem is formulated in terms of binary variables, and floating-point operations can be (almost) completely avoided. The FPGA architecture allows us to run many independent threads with almost no latencies in memory access, thus updating up to 1024 spins per cycle. We describe Janus in detail and we summarize the physics results obtained in four years of operation of this machine; we discuss two types of physics applications: long simulations on very large systems (which try to mimic and provide understanding about the experimental non-equilibrium dynamics), and low-temperature equilibrium simulations using an artificial parallel tempering dynamics. The time scale of our non-equilibrium simulations spans eleven orders of magnitude (from picoseconds to a tenth of a second). On the other hand, our equilibrium simulations are unprecedented both because of the low temperatures reached and for the large systems that we have brought to equilibrium. A finite-time scaling ansatz emerges from the detailed comparison of the two sets of simulations. Janus has made it possible to perform spin-glass simulations that would take several decades on more conventional architectures. The paper ends with an assessment of the potential of possible future versions of the Janus architecture, based on state-of-the-art technology.},
	Author = {Baity-Jesi, M. and Ba{\~{n}}os, R. A. and Cruz, A. and Fernandez, L. A. and Gil-Narvion, J. M. and Gordillo-Guerrero, A. and Guidetti, M. and I{\~{n}}iguez, D. and Maiorano, A. and Mantovani, F. and Marinari, E. and Martin-Mayor, V. and Monforte-Garcia, J. and Mu{\~{n}}oz Sudupe, A. and Navarro, D. and Parisi, G. and Pivanti, M. and Perez-Gaviro, S. and Ricci-Tersenghi, F. and Ruiz-Lorenzo, J. J. and Schifano, S. F. and Seoane, B. and Tarancon, A. and Tellez, P. and Tripiccione, R. and Yllanes, D.},
	Doi = {10.1140/epjst/e2012-01636-9},
	Issn = {1951-6401},
	Journal = {The European Physical Journal Special Topics},
	Number = {1},
	Pages = {33--51},
	Title = {Reconfigurable computing for Monte Carlo simulations: Results and prospects of the Janus project},
	Url = {http://dx.doi.org/10.1140/epjst/e2012-01636-9},
	Volume = {210},
	Year = {2012},
	Bdsk-Url-1 = {http://dx.doi.org/10.1140/epjst/e2012-01636-9}}

@article{Baity-Jesi-etal-2013,
	Author = {Baity-Jesi, M. and Ba\~nos, R. A. and Cruz, A. and Fernandez, L. A. and Gil-Narvion, J. M. and Gordillo-Guerrero, A. and I\~niguez, D. and Maiorano, A. and Mantovani, F. and Marinari, E. and Martin-Mayor, V. and Monforte-Garcia, J. and Sudupe, A. Mu\~noz and Navarro, D. and Parisi, G. and Perez-Gaviro, S. and Pivanti, M. and Ricci-Tersenghi, F. and Ruiz-Lorenzo, J. J. and Schifano, S. F. and Seoane, B. and Tarancon, A. and Tripiccione, R. and Yllanes, D.},
	Collaboration = {Janus Collaboration},
	Date-Added = {2015-04-30 05:26:47 +0000},
	Date-Modified = {2015-04-30 05:26:47 +0000},
	Doi = {10.1103/PhysRevB.88.224416},
	Issue = {22},
	Journal = {Phys. Rev. B},
	Month = {Dec},
	Numpages = {9},
	Pages = {224416},
	Publisher = {American Physical Society},
	Title = {Critical parameters of the three-dimensional Ising spin glass},
	Volume = {88},
	Year = {2013},
	Bdsk-Url-1 = {http://dx.doi.org/10.1103/PhysRevB.88.224416}}

@article{Baity-Jesi-etal-2014,
	Adsnote = {Provided by the SAO/NASA Astrophysics Data System},
	Adsurl = {http://adsabs.harvard.edu/abs/2014arXiv1403.2622B},
	Archiveprefix = {arXiv},
	Author = {{Baity-Jesi}, M. and {Ba{\~n}os}, R.~A. and {Cruz}, A. and {Fernandez}, L.~A. and {Gil-Narvion}, J.~M. and {Gordillo-Guerrero}, A. and {Iniguez}, D. and {Maiorano}, A. and {Mantovani}, F. and {Marinari}, E. and {Martin-Mayor}, V. and {Monforte-Garcia}, J. and {Munoz Sudupe}, A. and {Navarro}, D. and {Parisi}, G. and {Perez-Gaviro}, S. and {Pivanti}, M. and {Ricci-Tersenghi}, F. and {Ruiz-Lorenzo}, J.~J. and {Schifano}, S.~F. and {Seoane}, B. and {Tarancon}, A. and {Tripiccione}, R. and {Yllanes}, D.},
	Date-Added = {2015-04-30 05:26:47 +0000},
	Date-Modified = {2015-04-30 05:26:47 +0000},
	Eprint = {1403.2622},
	Journal = {ArXiv e-prints},
	Keywords = {Condensed Matter - Disordered Systems and Neural Networks},
	Month = mar,
	Primaryclass = {cond-mat.dis-nn},
	Title = {{The three dimensional Ising spin glass in an external magnetic field: the role of the silent majority}},
	Year = 2014}

@article{Banos-2012,
	Abstract = {Spin glasses are a longstanding model for the sluggish dynamics that appear at the glass transition. However, spin glasses differ from structural glasses in a crucial feature: they enjoy a time reversal symmetry. This symmetry can be broken by applying an external magnetic field, but embarrassingly little is known about the critical behavior of a spin glass in a field. In this context, the space dimension is crucial. Simulations are easier to interpret in a large number of dimensions, but one must work below the upper critical dimension (i.e., in d < 6) in order for results to have relevance for experiments. Here we show conclusive evidence for the presence of a phase transition in a four-dimensional spin glass in a field. Two ingredients were crucial for this achievement: massive numerical simulations were carried out on the Janus special-purpose computer, and a new and powerful finite-size scaling method.},
	Author = {Ba{\~n}os, Raquel Alvarez and Cruz, Andres and Fernandez, Luis Antonio and Gil-Narvion, Jose Miguel and Gordillo-Guerrero, Antonio and Guidetti, Marco and I{\~n}iguez, David and Maiorano, Andrea and Marinari, Enzo and Martin-Mayor, Victor and Monforte-Garcia, Jorge and Mu{\~n}oz Sudupe, Antonio and Navarro, Denis and Parisi, Giorgio and Perez-Gaviro, Sergio and Ruiz-Lorenzo, Juan Jesus and Schifano, Sebastiano Fabio and Seoane, Beatriz and Tarancon, Alfonso and Tellez, Pedro and Tripiccione, Raffaele and Yllanes, David},
	Date-Added = {2015-04-30 05:26:47 +0000},
	Date-Modified = {2015-04-30 05:26:47 +0000},
	Doi = {10.1073/pnas.1203295109},
	Eprint = {http://www.pnas.org/content/109/17/6452.full.pdf},
	Journal = {Proceedings of the National Academy of Sciences},
	Number = {17},
	Pages = {6452-6456},
	Title = {Thermodynamic glass transition in a spin glass without time-reversal symmetry},
	Url = {http://www.pnas.org/content/109/17/6452.abstract},
	Volume = {109},
	Year = {2012},
	Bdsk-Url-1 = {http://www.pnas.org/content/109/17/6452.abstract},
	Bdsk-Url-2 = {http://dx.doi.org/10.1073/pnas.1203295109}}

@article{Banos-etal-2010,
	Author = {Alvarez Ba\~nos, R. and Cruz, A. and Fernandez, L. A. and Gil-Narvion, J. M. and Gordillo-Guerrero, A. and Guidetti, M. and Maiorano, A. and Mantovani, F. and Marinari, E. and Martin-Mayor, V. and Monforte-Garcia, J. and Mu\~noz Sudupe, A. and Navarro, D. and Parisi, G. and Perez-Gaviro, S. and Ruiz-Lorenzo, J. J. and Schifano, S. F. and Seoane, B. and Tarancon, A. and Tripiccione, R. and Yllanes, D.},
	Date-Added = {2015-04-30 05:26:47 +0000},
	Date-Modified = {2015-04-30 05:26:47 +0000},
	Doi = {10.1103/PhysRevLett.105.177202},
	Issue = {17},
	Journal = {Phys. Rev. Lett.},
	Month = {Oct},
	Numpages = {4},
	Pages = {177202},
	Publisher = {American Physical Society},
	Title = {Static versus Dynamic Heterogeneities in the $D=3$ Edwards-Anderson-Ising Spin Glass},
	Volume = {105},
	Year = {2010},
	Bdsk-Url-1 = {http://link.aps.org/doi/10.1103/PhysRevLett.105.177202},
	Bdsk-Url-2 = {http://dx.doi.org/10.1103/PhysRevLett.105.177202}}

@article{Barahona-1982,
	Author = {F Barahona},
	Date-Added = {2015-04-30 05:26:47 +0000},
	Date-Modified = {2015-04-30 05:26:47 +0000},
	Journal = {Journal of Physics A: Mathematical and General},
	Number = {10},
	Pages = {3241},
	Title = {On the computational complexity of Ising spin glass models},
	Volume = {15},
	Year = {1982},
	Bdsk-Url-1 = {http://stacks.iop.org/0305-4470/15/i=10/a=028}}

@article{Bhatt-Young-1985,
	Author = {Bhatt, R. N. and Young, A. P.},
	Date-Added = {2015-04-30 05:26:47 +0000},
	Date-Modified = {2015-04-30 05:26:47 +0000},
	Doi = {10.1103/PhysRevLett.54.924},
	Issue = {9},
	Journal = {Phys. Rev. Lett.},
	Month = {Mar},
	Pages = {924--927},
	Publisher = {American Physical Society},
	Title = {Search for a transition in the three-dimensional J Ising spin-glass},
	Volume = {54},
	Year = {1985},
	Bdsk-Url-1 = {http://link.aps.org/doi/10.1103/PhysRevLett.54.924},
	Bdsk-Url-2 = {http://dx.doi.org/10.1103/PhysRevLett.54.924}}

@article{Billoire-etal-2013,
	Author = {Billoire, A. and Fernandez, L. A. and Maiorano, A. and Marinari, E. and Martin-Mayor, V. and Parisi, G. and Ricci-Tersenghi, F. and Ruiz-Lorenzo, J. J. and Yllanes, D.},
	Date-Added = {2015-04-30 05:26:47 +0000},
	Date-Modified = {2015-04-30 05:26:47 +0000},
	Doi = {10.1103/PhysRevLett.110.219701},
	Issue = {21},
	Journal = {Phys. Rev. Lett.},
	Month = {May},
	Numpages = {1},
	Pages = {219701},
	Publisher = {American Physical Society},
	Title = {Comment on ``Evidence of Non-Mean-Field-Like Low-Temperature Behavior in the Edwards-Anderson Spin-Glass Model''},
	Volume = {110},
	Year = {2013},
	Bdsk-Url-1 = {http://link.aps.org/doi/10.1103/PhysRevLett.110.219701},
	Bdsk-Url-2 = {http://dx.doi.org/10.1103/PhysRevLett.110.219701}}

@article{Binder-Young-1986,
	Author = {Binder, K. and Young, A. P.},
	Date-Added = {2015-04-30 05:26:47 +0000},
	Date-Modified = {2015-04-30 05:26:47 +0000},
	Issue = {4},
	Journal = {Rev. Mod. Phys.},
	Month = {Oct},
	Pages = {801--976},
	Publisher = {American Physical Society},
	Title = {Spin glasses: Experimental facts, theoretical concepts, and open questions},
	Volume = {58},
	Year = {1986}}

@article{Bokil-etal-1999,
	Author = {Bokil, Hemant and Bray, A. J. and Drossel, Barbara and Moore, M. A.},
	Date-Added = {2015-04-30 05:26:47 +0000},
	Date-Modified = {2015-04-30 05:26:47 +0000},
	Doi = {10.1103/PhysRevLett.82.5174},
	Issue = {25},
	Journal = {Phys. Rev. Lett.},
	Month = {Jun},
	Pages = {5174--5174},
	Publisher = {American Physical Society},
	Title = {Comment on ``General Method to Determine Replica Symmetry Breaking Transitions''},
	Volume = {82},
	Year = {1999},
	Bdsk-Url-1 = {http://link.aps.org/doi/10.1103/PhysRevLett.82.5174},
	Bdsk-Url-2 = {http://dx.doi.org/10.1103/PhysRevLett.82.5174}}

@book{book-full,
	Address = {Reading, Massachusetts},
	Author = {Donald E. Knuth},
	Date-Added = {2015-04-30 05:26:47 +0000},
	Date-Modified = {2015-04-30 05:26:47 +0000},
	Edition = {Second},
	Month = {10~} # jan,
	Note = {This is a full BOOK entry},
	Publisher = {Addison-Wesley},
	Series = {The Art of Computer Programming},
	Title = {Seminumerical Algorithms},
	Volume = 2,
	Year = {{\noopsort{1973c}}1981}}

@booklet{booklet-minimal,
	Address = {Stanford, California},
	Author = {Jill C. Knvth},
	Date-Added = {2015-04-30 05:26:47 +0000},
	Date-Modified = {2015-04-30 05:26:47 +0000},
	Howpublished = {Vernier Art Center},
	Key = {Kn{\printfirst{v}{1987}}},
	Month = feb,
	Note = {This is a full BOOKLET entry},
	Title = {The Programming of Computer Art},
	Year = {1988}}

@article{Bray-Moore-1978,
	Author = {Bray, A. J. and Moore, M. A.},
	Date-Added = {2015-04-30 05:26:47 +0000},
	Date-Modified = {2015-04-30 05:26:47 +0000},
	Issue = {15},
	Journal = {Phys. Rev. Lett.},
	Month = {Oct},
	Numpages = {0},
	Pages = {1068--1072},
	Publisher = {American Physical Society},
	Title = {Replica-Symmetry Breaking in Spin-Glass Theories},
	Volume = {41},
	Year = {1978}}

@article{Bray-Moore-1980,
	Author = {A J Bray and M A Moore},
	Date-Added = {2015-04-30 05:26:47 +0000},
	Date-Modified = {2015-04-30 05:26:47 +0000},
	Journal = {Journal of Physics C: Solid State Physics},
	Number = {19},
	Pages = {L469},
	Title = {Metastable states in spin glasses},
	Volume = {13},
	Year = {1980},
	Bdsk-Url-1 = {http://stacks.iop.org/0022-3719/13/i=19/a=002}}

@incollection{Bray-Moore-1987,
	Author = {Bray, AJ and Moore, MA},
	Booktitle = {Heidelberg Colloquium on Glassy Dynamics},
	Date-Added = {2015-04-30 05:26:47 +0000},
	Date-Modified = {2015-04-30 05:26:47 +0000},
	Doi = {10.1007/BFb0057515},
	Editor = {Hemmen, J.L. and Morgenstern, I.},
	Pages = {121-153},
	Publisher = {Springer Berlin Heidelberg},
	Series = {Lecture Notes in Physics},
	Title = {Scaling theory of the ordered phase of spin glasses},
	Volume = {275},
	Year = {1987},
	Bdsk-Url-1 = {http://dx.doi.org/10.1007/BFb0057515}}

@article{Ciria-etal-1993,
	Author = {Ciria, J. C. and Parisi, G. and Ritort, F. and Ruiz-Lorenzo, J. J.},
	Date-Added = {2015-04-30 05:26:47 +0000},
	Date-Modified = {2015-04-30 05:26:47 +0000},
	Journal = {Journal de Physique I (France)},
	Pages = {2207},
	Title = {The de Almeida-Thouless line in the four dimensional Ising spin glass},
	Volume = {3},
	Year = {1993}}

@article{Condon-Ogielski-1985,
	Author = {J. H. Condon and A. T. Ogielski},
	Date-Added = {2015-04-30 05:26:47 +0000},
	Date-Modified = {2015-04-30 05:26:47 +0000},
	Doi = {10.1063/1.1138125},
	Journal = {Review of Scientific Instruments},
	Keywords = {DESIGN; OPERATION; MONTE CARLO METHOD; COMPUTERS; ALGORITHMS; ISING MODEL; STATISTICAL MECHANICS},
	Number = {9},
	Pages = {1691-1696},
	Publisher = {AIP},
	Title = {Fast special purpose computer for {Monte Carlo} simulations in statistical physics},
	Volume = {56},
	Year = {1985},
	Bdsk-Url-1 = {http://link.aip.org/link/?RSI/56/1691/1},
	Bdsk-Url-2 = {http://dx.doi.org/10.1063/1.1138125}}

@article{Contucci-etal-2007,
	Author = {Contucci, Pierluigi and Giardin\`a, Cristian and Giberti, Claudio and Parisi, Giorgio and Vernia, Cecilia},
	Date-Added = {2015-04-30 05:26:47 +0000},
	Date-Modified = {2015-04-30 05:26:47 +0000},
	Doi = {10.1103/PhysRevLett.99.057206},
	Issue = {5},
	Journal = {Phys. Rev. Lett.},
	Month = {Jul},
	Numpages = {4},
	Pages = {057206},
	Publisher = {American Physical Society},
	Title = {Ultrametricity in the Edwards-Anderson Model},
	Volume = {99},
	Year = {2007},
	Bdsk-Url-1 = {http://link.aps.org/doi/10.1103/PhysRevLett.99.057206},
	Bdsk-Url-2 = {http://dx.doi.org/10.1103/PhysRevLett.99.057206}}

@article{Contucci-etal-2009,
	Author = {Contucci, Pierluigi and Giardin\`a, Cristian and Giberti, Claudio and Parisi, Giorgio and Vernia, Cecilia},
	Date-Added = {2015-04-30 05:26:47 +0000},
	Date-Modified = {2015-04-30 05:26:47 +0000},
	Doi = {10.1103/PhysRevLett.103.017201},
	Issue = {1},
	Journal = {Phys. Rev. Lett.},
	Month = {Jul},
	Numpages = {4},
	Pages = {017201},
	Publisher = {American Physical Society},
	Title = {Structure of Correlations in Three Dimensional Spin Glasses},
	Volume = {103},
	Year = {2009},
	Bdsk-Url-1 = {http://link.aps.org/doi/10.1103/PhysRevLett.103.017201},
	Bdsk-Url-2 = {http://dx.doi.org/10.1103/PhysRevLett.103.017201}}

@article{Cruz-2001,
	Author = {A Cruz and J Pech and A Taranc{\'o}n and P T{\'e}llez and C.L Ullod and C Ungil},
	Date-Added = {2015-04-30 05:26:47 +0000},
	Date-Modified = {2015-04-30 05:26:47 +0000},
	Doi = {http://dx.doi.org/10.1016/S0010-4655(00)00170-3},
	Issn = {0010-4655},
	Journal = {Computer Physics Communications},
	Keywords = {Programmable logic},
	Number = {2--3},
	Pages = {165 - 176},
	Title = {{SUE: A special purpose computer for spin glass models}},
	Volume = {133},
	Year = {2001},
	Bdsk-Url-1 = {http://www.sciencedirect.com/science/article/pii/S0010465500001703},
	Bdsk-Url-2 = {http://dx.doi.org/10.1016/S0010-4655(00)00170-3}}

@article{CSTN-093,
	Author = {K. A. Hawick and A. Leist and D. P. Playne},
	Date-Added = {2015-04-30 05:26:47 +0000},
	Date-Modified = {2015-04-30 05:26:47 +0000},
	Doi = {10.1007/s10766-010-143-4},
	Institution = {Computer Science, Massey University},
	Journal = {Int. J. Parallel Prog.},
	Keywords = {GPGPU, Simulation, Monte Carlo},
	Number = {CSTN-093},
	Pages = {183-201},
	Timestamp = {2009.09.06},
	Title = {{Regular Lattice and Small-World Spin Model Simulations using CUDA and GPUs}},
	Volume = {39},
	Year = {2011},
	Bdsk-Url-1 = {http://dx.doi.org/10.1007/s10766-010-143-4}}

@manual{curand,
	Address = {Santa Clara, CA, USA},
	Author = {{NVIDIA}},
	Citeulike-Article-Id = {8860124},
	Date-Added = {2015-04-30 05:26:47 +0000},
	Date-Modified = {2015-04-30 05:26:47 +0000},
	Keywords = {pf},
	Month = aug,
	Organization = {NVIDIA Corporation},
	Posted-At = {2011-02-21 07:35:53},
	Title = {{CUDA CURAND Library}},
	Year = {2010}}

@article{dagum1998openmp,
	Author = {Dagum, Leonardo and Menon, Ramesh},
	Date-Added = {2014-07-24 11:13:01 +0000},
	Date-Modified = {2014-07-24 11:13:01 +0000},
	Journal = {Computational Science \& Engineering, IEEE},
	Number = {1},
	Pages = {46--55},
	Publisher = {IEEE},
	Title = {OpenMP: an industry standard API for shared-memory programming},
	Volume = {5},
	Year = {1998}}

@inproceedings{Datta:2008:SCO:1413370.1413375,
	Acmid = {1413375},
	Address = {Piscataway, NJ, USA},
	Articleno = {4},
	Author = {Datta, Kaushik and Murphy, Mark and Volkov, Vasily and Williams, Samuel and Carter, Jonathan and Oliker, Leonid and Patterson, David and Shalf, John and Yelick, Katherine},
	Booktitle = {Proceedings of the 2008 ACM/IEEE conference on Supercomputing},
	Date-Added = {2015-04-30 05:26:47 +0000},
	Date-Modified = {2015-04-30 05:26:47 +0000},
	Isbn = {978-1-4244-2835-9},
	Location = {Austin, Texas},
	Numpages = {12},
	Pages = {4:1--4:12},
	Publisher = {IEEE Press},
	Series = {SC '08},
	Title = {Stencil computation optimization and auto-tuning on state-of-the-art multicore architectures},
	Year = {2008}}

@book{Diep-2004,
	Author = {Diep, H.T.},
	Date-Added = {2015-04-30 05:26:47 +0000},
	Date-Modified = {2015-04-30 05:26:47 +0000},
	Publisher = {World Scientific},
	Title = {Frustrated Spin Systems},
	Year = {2004}}

@article{doi:10.1142/S0129183112400025,
	Author = {Weigel, Martin},
	Date-Added = {2015-04-30 05:26:47 +0000},
	Date-Modified = {2015-04-30 05:26:47 +0000},
	Journal = {International Journal of Modern Physics C},
	Number = {08},
	Pages = {1240002},
	Title = {SIMULATING SPIN MODELS ON GPU: A TOUR},
	Volume = {23},
	Year = {2012}}

@article{Edwards-Anderson1975,
	Author = {S F Edwards and P W Anderson},
	Date-Added = {2015-05-02 22:39:25 +0000},
	Date-Modified = {2015-05-02 22:39:25 +0000},
	Journal = {Journal of Physics F: Metal Physics},
	Number = {5},
	Pages = {965},
	Title = {Theory of spin glasses},
	Url = {http://stacks.iop.org/0305-4608/5/i=5/a=017},
	Volume = {5},
	Year = {1975},
	Bdsk-Url-1 = {http://stacks.iop.org/0305-4608/5/i=5/a=017}}

@article{Fang-Feng-Tam-etal-2013,
	Adsnote = {Provided by the SAO/NASA Astrophysics Data System},
	Adsurl = {http://adsabs.harvard.edu/abs/2013arXiv1311.5582F},
	Archiveprefix = {arXiv},
	Author = {{Fang}, Y. and {Feng}, S. and {Tam}, K.-M. and {Yun}, Z. and {Moreno}, J. and {Ramanujam}, J. and {Jarrell}, M.},
	Date-Added = {2015-04-30 05:26:47 +0000},
	Date-Modified = {2015-04-30 05:26:47 +0000},
	Eprint = {1311.5582},
	Journal = {ArXiv e-prints},
	Keywords = {Condensed Matter - Disordered Systems and Neural Networks},
	Month = nov,
	Primaryclass = {cond-mat.dis-nn},
	Title = {{Parallel Tempering Simulation of the three-dimensional Edwards-Anderson Model with Compact Asynchronous Multispin Coding on GPU}},
	Year = 2013}

@article{Fernandez-etal-2013,
	Author = {L. A. Fernandez and V. Martin-Mayor and G. Parisi and B. Seoane},
	Date-Added = {2015-04-30 05:26:47 +0000},
	Date-Modified = {2015-04-30 05:26:47 +0000},
	Journal = {EPL (Europhysics Letters)},
	Number = {6},
	Pages = {67003},
	Title = {Temperature chaos in 3D Ising spin glasses is driven by rare events},
	Volume = {103},
	Year = {2013}}

@book{Fischer-Hertz-1993,
	Author = {Fischer, K.H. and Hertz, J.A.},
	Date-Added = {2015-04-30 05:26:47 +0000},
	Date-Modified = {2015-04-30 05:26:47 +0000},
	Isbn = {9780521447775},
	Lccn = {89077391},
	Publisher = {Cambridge University Press},
	Series = {Cambridge Studies in Magnetism},
	Title = {Spin Glasses},
	Year = {1993}}

@article{Fisher-Huse-1987,
	Author = {D S Fisher and D A Huse},
	Date-Added = {2015-04-30 05:26:47 +0000},
	Date-Modified = {2015-04-30 05:26:47 +0000},
	Journal = {Journal of Physics A: Mathematical and General},
	Number = {15},
	Pages = {L1005},
	Title = {Absence of many states in realistic spin glasses},
	Volume = {20},
	Year = {1987}}

@article{Fisher-Huse-1988,
	Author = {Fisher, Daniel S. and Huse, David A.},
	Date-Added = {2015-04-30 05:26:47 +0000},
	Date-Modified = {2015-04-30 05:26:47 +0000},
	Doi = {10.1103/PhysRevB.38.386},
	Issue = {1},
	Journal = {Phys. Rev. B},
	Month = {Jul},
	Pages = {386--411},
	Publisher = {American Physical Society},
	Title = {Equilibrium behavior of the spin-glass ordered phase},
	Volume = {38},
	Year = {1988},
	Bdsk-Url-1 = {http://link.aps.org/doi/10.1103/PhysRevB.38.386},
	Bdsk-Url-2 = {http://dx.doi.org/10.1103/PhysRevB.38.386}}

@misc{green500,
	Author = {www.green500.org},
	Month = {11},
	Title = {The Green500 List},
	Url = {http://www.green500.org/},
	Year = {2015},
	Bdsk-Url-1 = {http://www.green500.org/}}

@misc{green500-2015-11,
	Author = {www.green500.org},
	Month = {11},
	Title = {The Green500 List - November 2015},
	Url = {http://www.green500.org/news/green500-list-november-2015},
	Year = {2015},
	Bdsk-Url-1 = {http://www.green500.org/news/green500-list-november-2015}}

@article{Green-Moore-Bray-1983,
	Author = {J E Green and M A Moore and A J Bray},
	Date-Added = {2015-04-30 05:26:47 +0000},
	Date-Modified = {2015-04-30 05:26:47 +0000},
	Journal = {Journal of Physics C: Solid State Physics},
	Number = {22},
	Pages = {L815},
	Title = {Upper critical dimension for the de Almeida-Thouless instability in spin glasses},
	Volume = {16},
	Year = {1983}}

@article{Guerra-2003,
	Author = {Guerra, Francesco},
	Date-Added = {2015-04-30 05:26:47 +0000},
	Date-Modified = {2015-04-30 05:26:47 +0000},
	Doi = {10.1007/s00220-002-0773-5},
	Journal = {Communications in Mathematical Physics},
	Language = {English},
	Number = {1},
	Pages = {1-12},
	Publisher = {Springer-Verlag},
	Title = {Broken Replica Symmetry Bounds in the Mean Field Spin Glass Model},
	Volume = {233},
	Year = {2003},
	Bdsk-Url-1 = {http://dx.doi.org/10.1007/s00220-002-0773-5}}

@article{Harris-Lubensky-Chen-1976,
	Author = {Harris, A. B. and Lubensky, T. C. and Chen, Jing-Huei},
	Date-Added = {2015-04-30 05:26:47 +0000},
	Date-Modified = {2015-04-30 05:26:47 +0000},
	Doi = {10.1103/PhysRevLett.36.415},
	Issue = {8},
	Journal = {Phys. Rev. Lett.},
	Month = {Feb},
	Pages = {415--418},
	Publisher = {American Physical Society},
	Title = {Critical Properties of Spin-Glasses},
	Volume = {36},
	Year = {1976},
	Bdsk-Url-1 = {http://link.aps.org/doi/10.1103/PhysRevLett.36.415},
	Bdsk-Url-2 = {http://dx.doi.org/10.1103/PhysRevLett.36.415}}

@article{Hasenbusch-etal-2008,
	Author = {Hasenbusch, Martin and Pelissetto, Andrea and Vicari, Ettore},
	Date-Added = {2015-04-30 05:26:47 +0000},
	Date-Modified = {2015-04-30 05:26:47 +0000},
	Doi = {10.1103/PhysRevB.78.214205},
	Issue = {21},
	Journal = {Phys. Rev. B},
	Month = {Dec},
	Numpages = {23},
	Pages = {214205},
	Publisher = {American Physical Society},
	Title = {Critical behavior of three-dimensional Ising spin glass models},
	Volume = {78},
	Year = {2008},
	Bdsk-Url-1 = {http://dx.doi.org/10.1103/PhysRevB.78.214205}}

@article{Hatano-Gubernatis-2002,
	Author = {Hatano, Naomichi and Gubernatis, J. E.},
	Date-Added = {2015-04-30 05:26:47 +0000},
	Date-Modified = {2015-04-30 05:26:47 +0000},
	Doi = {10.1103/PhysRevB.66.054437},
	Issue = {5},
	Journal = {Phys. Rev. B},
	Month = {Aug},
	Numpages = {14},
	Pages = {054437},
	Publisher = {American Physical Society},
	Title = {Evidence for the double degeneracy of the ground state in the three-dimensional $\ifmmode\pm\else\textpm\fi{}J$ spin glass},
	Volume = {66},
	Year = {2002},
	Bdsk-Url-1 = {http://link.aps.org/doi/10.1103/PhysRevB.66.054437},
	Bdsk-Url-2 = {http://dx.doi.org/10.1103/PhysRevB.66.054437}}

@article{Hed-Young-Domany-2004,
	Author = {Hed, Guy and Young, A. P. and Domany, Eytan},
	Date-Added = {2015-04-30 05:26:47 +0000},
	Date-Modified = {2015-04-30 05:26:47 +0000},
	Doi = {10.1103/PhysRevLett.92.157201},
	Issue = {15},
	Journal = {Phys. Rev. Lett.},
	Month = {Apr},
	Numpages = {4},
	Pages = {157201},
	Publisher = {American Physical Society},
	Title = {Lack of Ultrametricity in the Low-Temperature Phase of Three-Dimensional Ising Spin Glasses},
	Volume = {92},
	Year = {2004},
	Bdsk-Url-1 = {http://link.aps.org/doi/10.1103/PhysRevLett.92.157201},
	Bdsk-Url-2 = {http://dx.doi.org/10.1103/PhysRevLett.92.157201}}

@article{Houdayer-2001,
	Author = {Houdayer, J.},
	Doi = {10.1007/PL00011151},
	Issn = {1434-6028},
	Journal = {The European Physical Journal B - Condensed Matter and Complex Systems},
	Keywords = {PACS. 75.10.Nr Spin glass and other random models -- 02.70.Lq Monte Carlo and statistical methods},
	Language = {English},
	Number = {4},
	Pages = {479},
	Publisher = {EDP Sciences, Springer-Verlag},
	Title = {A cluster Monte Carlo algorithm for 2-dimensional spin glasses},
	Url = {http://dx.doi.org/10.1007/PL00011151},
	Volume = {22},
	Year = {2001},
	Bdsk-Url-1 = {http://dx.doi.org/10.1007/PL00011151}}

@article{Houdayer-Martin-1999,
	Author = {Houdayer, J. and Martin, O. C.},
	Date-Added = {2015-04-30 05:26:47 +0000},
	Date-Modified = {2015-04-30 05:26:47 +0000},
	Doi = {10.1103/PhysRevLett.82.4934},
	Issue = {24},
	Journal = {Phys. Rev. Lett.},
	Month = {Jun},
	Pages = {4934--4937},
	Publisher = {American Physical Society},
	Title = {Ising Spin Glasses in a Magnetic Field},
	Volume = {82},
	Year = {1999},
	Bdsk-Url-1 = {http://link.aps.org/doi/10.1103/PhysRevLett.82.4934},
	Bdsk-Url-2 = {http://dx.doi.org/10.1103/PhysRevLett.82.4934}}

@article{Hukushima-Nemoto1996,
	Author = {Koji Hukushima and Koji Nemoto},
	Date-Added = {2015-05-02 22:39:25 +0000},
	Date-Modified = {2015-05-02 22:39:25 +0000},
	Doi = {10.1143/JPSJ.65.1604},
	Journal = {Journal of the Physical Society of Japan},
	Number = {6},
	Numpages = {4},
	Pages = {1604-1608},
	Publisher = {The Physical Society of Japan},
	Title = {Exchange Monte Carlo Method and Application to Spin Glass Simulations},
	Url = {http://jpsj.ipap.jp/link?JPSJ/65/1604/},
	Volume = {65},
	Year = {1996},
	Bdsk-Url-1 = {http://jpsj.ipap.jp/link?JPSJ/65/1604/},
	Bdsk-Url-2 = {http://dx.doi.org/10.1143/JPSJ.65.1604}}

@inbook{inbook-full,
	Address = {Reading, Massachusetts},
	Author = {Donald E. Knuth},
	Chapter = {1.2},
	Date-Added = {2015-04-30 05:26:47 +0000},
	Date-Modified = {2015-04-30 05:26:47 +0000},
	Edition = {Second},
	Month = {10~} # jan,
	Note = {This is a full INBOOK entry},
	Pages = {10--119},
	Publisher = {Addison-Wesley},
	Series = {The Art of Computer Programming},
	Title = {Fundamental Algorithms},
	Type = {Section},
	Volume = 1,
	Year = {{\noopsort{1973b}}1973}}

@incollection{incollection-minimal,
	Address = {New York},
	Author = {Daniel D. Lincoll},
	Booktitle = {High Speed Computer and Algorithm Organization},
	Chapter = {3},
	Date-Added = {2015-04-30 05:26:47 +0000},
	Date-Modified = {2015-04-30 05:26:47 +0000},
	Edition = {Third},
	Editor = {David J. Lipcoll and D. H. Lawrie and A. H. Sameh},
	Month = sep,
	Note = {This is a full INCOLLECTION entry},
	Number = {23},
	Pages = {179--183},
	Publisher = {Academic Press},
	Series = {Fast Computers},
	Title = {Semigroups of Recurrences},
	Type = {Part},
	Year = {1977}}

@inproceedings{inproceedings-full,
	Address = {Boston},
	Author = {Alfred V. Oaho and Jeffrey D. Ullman and Mihalis Yannakakis},
	Booktitle = {Proc. Fifteenth Annual ACM} # STOC,
	Date-Added = {2015-04-30 05:26:47 +0000},
	Date-Modified = {2015-04-30 05:26:47 +0000},
	Editor = {Wizard V. Oz and Mihalis Yannakakis},
	Month = mar,
	Note = {This is a full INPROCEDINGS entry},
	Number = 17,
	Organization = ACM,
	Pages = {133--139},
	Publisher = {Academic Press},
	Series = {All ACM Conferences},
	Title = {On Notions of Information Transfer in {VLSI} Circuits},
	Year = 1983}

@article{jcp/124/17/10.1063/1.2186639,
	Author = {Trebst, Simon and Troyer, Matthias and Hansmann, Ulrich H. E.},
	Date-Added = {2013-11-07 16:56:53 +0000},
	Date-Modified = {2013-11-07 16:57:12 +0000},
	Doi = {http://dx.doi.org/10.1063/1.2186639},
	Eid = {174903},
	Journal = {The Journal of Chemical Physics},
	Number = {17},
	Pages = {174903},
	Title = {Optimized parallel tempering simulations of proteins},
	Url = {http://scitation.aip.org/content/aip/journal/jcp/124/17/10.1063/1.2186639},
	Volume = {124},
	Year = {2006},
	Bdsk-Url-1 = {http://scitation.aip.org/content/aip/journal/jcp/124/17/10.1063/1.2186639},
	Bdsk-Url-2 = {http://dx.doi.org/10.1063/1.2186639}}

@book{Jeffers:2013:IXP:2523262,
	Address = {San Francisco, CA, USA},
	Author = {Jeffers, James and Reinders, James},
	Edition = {1st},
	Isbn = {9780124104143, 9780124104945},
	Publisher = {Morgan Kaufmann Publishers Inc.},
	Title = {Intel Xeon Phi Coprocessor High Performance Programming},
	Year = {2013}}

@article{Jorg-2005,
	Abstract = {Recently a cluster Monte Carlo algorithm has been used very successfully in the two-dimensional Edwards-Anderson (EA) model. We show that this algorithm and a variant thereof can also be used successfully in models with a non-zero spin glass transition temperature. The application of such algorithms to the site-diluted EA model in three dimensions is discussed and the efficiency of the two algorithms is compared among each other and to parallel tempering. Finally, we give evidence for a spin glass transition in the three-dimensional site-diluted EA model with Gaussian couplings at a site occupation of p = 62.5%.},
	Author = {J\"org, Thomas},
	Doi = {10.1143/PTPS.157.349},
	Eprint = {http://ptps.oxfordjournals.org/content/157/349.full.pdf+html},
	Journal = {Progress of Theoretical Physics Supplement},
	Pages = {349},
	Title = {Cluster Monte Carlo Algorithms for Diluted Spin Glasses},
	Url = {http://ptps.oxfordjournals.org/content/157/349.abstract},
	Volume = {157},
	Year = {2005},
	Bdsk-Url-1 = {http://ptps.oxfordjournals.org/content/157/349.abstract},
	Bdsk-Url-2 = {http://dx.doi.org/10.1143/PTPS.157.349}}

@article{Jorg-Katzgraber-Krzakala-2008,
	Author = {J\"org, Thomas and Katzgraber, Helmut G. and Krzakala, Florent},
	Date-Added = {2015-04-30 05:26:47 +0000},
	Date-Modified = {2015-04-30 05:26:47 +0000},
	Doi = {10.1103/PhysRevLett.100.197202},
	Issue = {19},
	Journal = {Phys. Rev. Lett.},
	Month = {May},
	Numpages = {4},
	Pages = {197202},
	Publisher = {American Physical Society},
	Title = {{Behavior of Ising Spin Glasses in a Magnetic Field}},
	Volume = {100},
	Year = {2008},
	Bdsk-Url-1 = {http://link.aps.org/doi/10.1103/PhysRevLett.100.197202},
	Bdsk-Url-2 = {http://dx.doi.org/10.1103/PhysRevLett.100.197202}}

@article{Katzgraber-2008,
	Author = {H G Katzgraber},
	Date-Added = {2015-04-30 05:26:47 +0000},
	Date-Modified = {2015-04-30 05:26:47 +0000},
	Journal = {Journal of Physics: Conference Series},
	Number = {1},
	Pages = {012004},
	Title = {{Spin glasses and algorithm benchmarks: A one-dimensional view}},
	Volume = {95},
	Year = {2008},
	Bdsk-Url-1 = {http://stacks.iop.org/1742-6596/95/i=1/a=012004}}

@article{Katzgraber-2012,
	Author = {Katzgraber, Helmut G. and J\"org, Thomas and Krzkala, Florent and Hartmann, Alexander K.},
	Date-Added = {2015-04-30 05:26:47 +0000},
	Date-Modified = {2015-04-30 05:26:47 +0000},
	Doi = {10.1103/PhysRevB.86.184405},
	Issue = {18},
	Journal = {Phys. Rev. B},
	Month = {Nov},
	Numpages = {5},
	Pages = {184405},
	Publisher = {American Physical Society},
	Title = {Ultrametric probe of the spin-glass state in a field},
	Volume = {86},
	Year = {2012},
	Bdsk-Url-1 = {http://link.aps.org/doi/10.1103/PhysRevB.86.184405},
	Bdsk-Url-2 = {http://dx.doi.org/10.1103/PhysRevB.86.184405}}

@article{Katzgraber-etal-2007,
	Author = {Katzgraber, Helmut G. and Krza\ifmmode \mbox{\c{}}\else \c{}\fi{}ka\l{}a, Florent},
	Date-Added = {2015-04-30 05:26:47 +0000},
	Date-Modified = {2015-04-30 05:26:47 +0000},
	Doi = {10.1103/PhysRevLett.98.017201},
	Issue = {1},
	Journal = {Phys. Rev. Lett.},
	Month = {Jan},
	Numpages = {4},
	Pages = {017201},
	Publisher = {American Physical Society},
	Title = {Temperature and Disorder Chaos in Three-Dimensional Ising Spin Glasses},
	Volume = {98},
	Year = {2007},
	Bdsk-Url-1 = {http://dx.doi.org/10.1103/PhysRevLett.98.017201}}

@article{Katzgraber-Hartmann-2009,
	Author = {Katzgraber, Helmut G. and Hartmann, Alexander K.},
	Date-Added = {2015-04-30 05:26:47 +0000},
	Date-Modified = {2015-04-30 05:26:47 +0000},
	Doi = {10.1103/PhysRevLett.102.037207},
	Issue = {3},
	Journal = {Phys. Rev. Lett.},
	Month = {Jan},
	Numpages = {4},
	Pages = {037207},
	Publisher = {American Physical Society},
	Title = {Ultrametricity and Clustering of States in Spin Glasses: A One-Dimensional View},
	Volume = {102},
	Year = {2009},
	Bdsk-Url-1 = {http://link.aps.org/doi/10.1103/PhysRevLett.102.037207},
	Bdsk-Url-2 = {http://dx.doi.org/10.1103/PhysRevLett.102.037207}}

@article{Katzgraber-Larson-Young-2009,
	Author = {Katzgraber, Helmut G. and Larson, Derek and Young, A. P.},
	Date-Added = {2015-04-30 05:26:47 +0000},
	Date-Modified = {2015-04-30 05:26:47 +0000},
	Doi = {10.1103/PhysRevLett.102.177205},
	Issue = {17},
	Journal = {Phys. Rev. Lett.},
	Month = {Apr},
	Numpages = {4},
	Pages = {177205},
	Publisher = {American Physical Society},
	Title = {Study of the de Almeida\char21{}Thouless Line Using Power-Law Diluted One-Dimensional Ising Spin Glasses},
	Volume = {102},
	Year = {2009},
	Bdsk-Url-1 = {http://link.aps.org/doi/10.1103/PhysRevLett.102.177205},
	Bdsk-Url-2 = {http://dx.doi.org/10.1103/PhysRevLett.102.177205}}

@article{Katzgraber-Young-2003a,
	Author = {Katzgraber, Helmut G. and Young, A. P.},
	Date-Added = {2015-04-30 05:26:47 +0000},
	Date-Modified = {2015-04-30 05:26:47 +0000},
	Doi = {10.1103/PhysRevB.67.134410},
	Issue = {13},
	Journal = {Phys. Rev. B},
	Month = {Apr},
	Numpages = {8},
	Pages = {134410},
	Publisher = {American Physical Society},
	Title = {Monte Carlo studies of the one-dimensional Ising spin glass with power-law interactions},
	Volume = {67},
	Year = {2003},
	Bdsk-Url-1 = {http://dx.doi.org/10.1103/PhysRevB.67.134410}}

@article{Katzgraber-Young-2003b,
	Author = {Katzgraber, Helmut G. and Young, A. P.},
	Date-Added = {2015-04-30 05:26:47 +0000},
	Date-Modified = {2015-04-30 05:26:47 +0000},
	Doi = {10.1103/PhysRevB.68.224408},
	Issue = {22},
	Journal = {Phys. Rev. B},
	Month = {Dec},
	Numpages = {6},
	Pages = {224408},
	Publisher = {American Physical Society},
	Title = {Geometry of large-scale low-energy excitations in the one-dimensional Ising spin glass with power-law interactions},
	Volume = {68},
	Year = {2003},
	Bdsk-Url-1 = {http://dx.doi.org/10.1103/PhysRevB.68.224408}}

@book{Kirk:2010:PMP:1841511,
	Address = {San Francisco, CA, USA},
	Author = {Kirk, David B. and Hwu, Wen-mei W.},
	Date-Added = {2015-04-30 05:26:47 +0000},
	Date-Modified = {2015-04-30 05:26:47 +0000},
	Edition = {1st},
	Isbn = {0123814723, 9780123814722},
	Publisher = {Morgan Kaufmann Publishers Inc.},
	Title = {Programming Massively Parallel Processors: A Hands-on Approach},
	Year = {2010}}

@article{kofke2002,
	Author = {Kofke, David A.},
	Date-Added = {2015-04-30 05:26:47 +0000},
	Date-Modified = {2015-04-30 05:26:47 +0000},
	Doi = {http://dx.doi.org/10.1063/1.1507776},
	Journal = {The Journal of Chemical Physics},
	Number = {15},
	Pages = {6911-6914},
	Title = {On the acceptance probability of replica-exchange Monte Carlo trials},
	Volume = {117},
	Year = {2002},
	Bdsk-Url-1 = {http://scitation.aip.org/content/aip/journal/jcp/117/15/10.1063/1.1507776},
	Bdsk-Url-2 = {http://dx.doi.org/10.1063/1.1507776}}

@article{Kotliar-Anderson-Stein-1983,
	Author = {Kotliar, G. and Anderson, P. W. and Stein, D. L.},
	Date-Added = {2015-04-30 05:26:47 +0000},
	Date-Modified = {2015-04-30 05:26:47 +0000},
	Doi = {10.1103/PhysRevB.27.602},
	Issue = {1},
	Journal = {Phys. Rev. B},
	Month = {Jan},
	Pages = {602--605},
	Publisher = {American Physical Society},
	Title = {One-dimensional spin-glass model with long-range random interactions},
	Volume = {27},
	Year = {1983},
	Bdsk-Url-1 = {http://dx.doi.org/10.1103/PhysRevB.27.602}}

@article{Krzakala-etal-2001,
	Author = {Krzakala, F. and Houdayer, J. and Marinari, E. and Martin, O. C. and Parisi, G.},
	Date-Added = {2015-04-30 05:26:47 +0000},
	Date-Modified = {2015-04-30 05:26:47 +0000},
	Doi = {10.1103/PhysRevLett.87.197204},
	Issue = {19},
	Journal = {Phys. Rev. Lett.},
	Month = {Oct},
	Numpages = {4},
	Pages = {197204},
	Publisher = {American Physical Society},
	Title = {Zero-Temperature Responses of a 3D Spin Glass in a Magnetic Field},
	Volume = {87},
	Year = {2001},
	Bdsk-Url-1 = {http://link.aps.org/doi/10.1103/PhysRevLett.87.197204},
	Bdsk-Url-2 = {http://dx.doi.org/10.1103/PhysRevLett.87.197204}}

@article{Larson-etal-2013,
	Author = {Larson, Derek and Katzgraber, Helmut G. and Moore, M. A. and Young, A. P.},
	Date-Added = {2015-04-30 05:26:47 +0000},
	Date-Modified = {2015-04-30 05:26:47 +0000},
	Doi = {10.1103/PhysRevB.87.024414},
	Issue = {2},
	Journal = {Phys. Rev. B},
	Month = {Jan},
	Numpages = {9},
	Pages = {024414},
	Publisher = {American Physical Society},
	Title = {Spin glasses in a field: Three and four dimensions as seen from one space dimension},
	Volume = {87},
	Year = {2013},
	Bdsk-Url-1 = {http://link.aps.org/doi/10.1103/PhysRevB.87.024414},
	Bdsk-Url-2 = {http://dx.doi.org/10.1103/PhysRevB.87.024414}}

@article{Leuzzi-1999,
	Abstract = {Ising spin-glass systems with long-range interactions ##IMG## [http://ej.iop.org/images/0305-4470/32/8/010/img1.gif] are considered. A numerical study of the critical behaviour is presented in the non-mean-field region together with an analysis of the probability distribution of the overlaps and of the ultrametric structure of the space of the equilibrium configurations in the frozen phase. Also, in the presence of diverging thermodynamical fluctuations at the critical point the behaviour of the model is shown to be of the replica symmetry breaking type and there are hints of a non-trivial ultrametric structure. The parallel tempering algorithm has been used to simulate the dynamical approach to equilibrium of such systems.},
	Author = {Luca Leuzzi},
	Date-Added = {2015-04-30 05:26:47 +0000},
	Date-Modified = {2015-04-30 05:26:47 +0000},
	Journal = {Journal of Physics A: Mathematical and General},
	Number = {8},
	Pages = {1417},
	Title = {Critical behaviour and ultrametricity of Ising spin-glass with long-range interactions},
	Volume = {32},
	Year = {1999}}

@article{Leuzzi-2009,
	Author = {Leuzzi, L. and Parisi, G. and Ricci-Tersenghi, F. and Ruiz-Lorenzo, J. J.},
	Date-Added = {2015-04-30 05:26:47 +0000},
	Date-Modified = {2015-04-30 05:26:47 +0000},
	Doi = {10.1103/PhysRevLett.103.267201},
	Issue = {26},
	Journal = {Phys. Rev. Lett.},
	Month = {Dec},
	Numpages = {4},
	Pages = {267201},
	Publisher = {American Physical Society},
	Title = {{Ising Spin-Glass Transition in a Magnetic Field Outside the Limit of Validity of Mean-Field Theory}},
	Volume = {103},
	Year = {2009},
	Bdsk-Url-1 = {http://link.aps.org/doi/10.1103/PhysRevLett.103.267201},
	Bdsk-Url-2 = {http://dx.doi.org/10.1103/PhysRevLett.103.267201}}

@article{Leuzzi-etal-2008,
	Author = {Leuzzi, L. and Parisi, G. and Ricci-Tersenghi, F. and Ruiz-Lorenzo, J. J.},
	Date-Added = {2015-04-30 05:26:47 +0000},
	Date-Modified = {2015-04-30 05:26:47 +0000},
	Doi = {10.1103/PhysRevLett.101.107203},
	Issue = {10},
	Journal = {Phys. Rev. Lett.},
	Month = {Sep},
	Numpages = {4},
	Pages = {107203},
	Publisher = {American Physical Society},
	Title = {Dilute One-Dimensional Spin Glasses with Power Law Decaying Interactions},
	Volume = {101},
	Year = {2008},
	Bdsk-Url-1 = {http://link.aps.org/doi/10.1103/PhysRevLett.101.107203},
	Bdsk-Url-2 = {http://dx.doi.org/10.1103/PhysRevLett.101.107203}}

@article{Liang-1992,
	Author = {Liang, Shoudan},
	Doi = {10.1103/PhysRevLett.69.2145},
	Issue = {14},
	Journal = {Phys. Rev. Lett.},
	Month = {Oct},
	Pages = {2145},
	Publisher = {American Physical Society},
	Title = {Application of cluster algorithms to spin glasses},
	Url = {http://link.aps.org/doi/10.1103/PhysRevLett.69.2145},
	Volume = {69},
	Year = {1992},
	Bdsk-Url-1 = {http://link.aps.org/doi/10.1103/PhysRevLett.69.2145},
	Bdsk-Url-2 = {http://dx.doi.org/10.1103/PhysRevLett.69.2145}}

@article{Liao2014,
	Abstract = {On June 17, 2013, MilkyWay-2 (Tianhe-2) supercomputer was crowned as the fastest supercomputer in the world on the 41th TOP500 list. This paper provides an overview of the MilkyWay-2 project and describes the design of hardware and software systems. The key architecture features of MilkyWay-2 are highlighted, including neo-heterogeneous compute nodes integrating commodity-off-the-shelf processors and accelerators that share similar instruction set architecture, powerful networks that employ proprietary interconnection chips to support the massively parallel message-passing communications, proprietary 16-core processor designed for scientific computing, efficient software stacks that provide high performance file system, emerging programming model for heterogeneous systems, and intelligent system administration. We perform extensive evaluation with wide-ranging applications from LINPACK and Graph500 benchmarks to massively parallel software deployed in the system.},
	Author = {Liao, Xiangke and Xiao, Liquan and Yang, Canqun and Lu, Yutong},
	Doi = {10.1007/s11704-014-3501-3},
	Issn = {2095-2236},
	Journal = {Frontiers of Computer Science},
	Number = {3},
	Pages = {345--356},
	Title = {MilkyWay-2 supercomputer: system and application},
	Url = {http://dx.doi.org/10.1007/s11704-014-3501-3},
	Volume = {8},
	Year = {2014},
	Bdsk-Url-1 = {http://dx.doi.org/10.1007/s11704-014-3501-3}}

@book{lundqvist1983,
	Address = {New York},
	Author = {S Lundqvist and S H March (eds.)},
	Date-Added = {2015-05-04 12:36:51 +0000},
	Date-Modified = {2015-05-04 12:39:02 +0000},
	Publisher = {Plenum Press},
	Title = {Theory of the Inhomogeneous Electron Gas},
	Year = {1983}}

@manual{manual-minimal,
	Address = {Silicon Valley},
	Author = {Larry Manmaker},
	Date-Added = {2015-04-30 05:26:47 +0000},
	Date-Modified = {2015-04-30 05:26:47 +0000},
	Edition = {Silver},
	Key = {Manmaker},
	Month = apr # {-} # may,
	Note = {This is a full MANUAL entry},
	Organization = {Chips-R-Us},
	Title = {The Definitive Computer Manual},
	Year = {1986}}

@article{Marinari-etal-1998,
	Author = {Marinari, E. and Naitza, C. and Zuliani, F. and Parisi, G. and Picco, M. and Ritort, F.},
	Date-Added = {2015-04-30 05:26:47 +0000},
	Date-Modified = {2015-04-30 05:26:47 +0000},
	Doi = {10.1103/PhysRevLett.81.1698},
	Issue = {8},
	Journal = {Phys. Rev. Lett.},
	Month = {Aug},
	Pages = {1698--1701},
	Publisher = {American Physical Society},
	Title = {General Method to Determine Replica Symmetry Breaking Transitions},
	Volume = {81},
	Year = {1998},
	Bdsk-Url-1 = {http://link.aps.org/doi/10.1103/PhysRevLett.81.1698},
	Bdsk-Url-2 = {http://dx.doi.org/10.1103/PhysRevLett.81.1698}}

@article{Marinari-etal-1999,
	Author = {Marinari, E. and Naitza, C. and Zuliani, F. and Parisi, G. and Picco, M. and Ritort, F.},
	Date-Added = {2015-04-30 05:26:47 +0000},
	Date-Modified = {2015-04-30 05:26:47 +0000},
	Doi = {10.1103/PhysRevLett.82.5175},
	Issue = {25},
	Journal = {Phys. Rev. Lett.},
	Month = {Jun},
	Pages = {5175--5175},
	Publisher = {American Physical Society},
	Title = {Marinari \textit{et al.} Reply:},
	Volume = {82},
	Year = {1999},
	Bdsk-Url-1 = {http://link.aps.org/doi/10.1103/PhysRevLett.82.5175},
	Bdsk-Url-2 = {http://dx.doi.org/10.1103/PhysRevLett.82.5175}}

@article{Marinari-Parisi1992,
	Author = {E. Marinari and G. Parisi},
	Date-Added = {2015-04-30 13:45:39 +0000},
	Date-Modified = {2015-04-30 13:45:39 +0000},
	Journal = {EPL (Europhysics Letters)},
	Number = {6},
	Pages = {451},
	Title = {Simulated Tempering: A New Monte Carlo Scheme},
	Url = {http://stacks.iop.org/0295-5075/19/i=6/a=002},
	Volume = {19},
	Year = {1992},
	Bdsk-Url-1 = {http://stacks.iop.org/0295-5075/19/i=6/a=002}}

@article{Marinari-Parisi-2001,
	Author = {Marinari, Enzo and Parisi, Giorgio},
	Date-Added = {2015-04-30 05:26:47 +0000},
	Date-Modified = {2015-04-30 05:26:47 +0000},
	Doi = {10.1103/PhysRevLett.86.3887},
	Issue = {17},
	Journal = {Phys. Rev. Lett.},
	Month = {Apr},
	Pages = {3887--3890},
	Publisher = {American Physical Society},
	Title = {Effects of a Bulk Perturbation on the Ground State of 3D Ising Spin Glasses},
	Volume = {86},
	Year = {2001},
	Bdsk-Url-1 = {http://link.aps.org/doi/10.1103/PhysRevLett.86.3887},
	Bdsk-Url-2 = {http://dx.doi.org/10.1103/PhysRevLett.86.3887}}

@article{Marinari-Parisi-Zuliani-2000,
	Author = {Marinari, E. and Parisi, G. and Zuliani, F.},
	Date-Added = {2015-04-30 05:26:47 +0000},
	Date-Modified = {2015-04-30 05:26:47 +0000},
	Doi = {10.1103/PhysRevLett.84.1056},
	Issue = {5},
	Journal = {Phys. Rev. Lett.},
	Month = {Jan},
	Pages = {1056--1056},
	Publisher = {American Physical Society},
	Title = {Comment on ``Ising Spin Glasses in a Magnetic Field''},
	Volume = {84},
	Year = {2000},
	Bdsk-Url-1 = {http://link.aps.org/doi/10.1103/PhysRevLett.84.1056},
	Bdsk-Url-2 = {http://dx.doi.org/10.1103/PhysRevLett.84.1056}}

@inproceedings{Maruyama:2011:PIP:2063384.2063398,
	Acmid = {2063398},
	Address = {New York, NY, USA},
	Articleno = {11},
	Author = {Maruyama, Naoya and Nomura, Tatsuo and Sato, Kento and Matsuoka, Satoshi},
	Booktitle = {Proceedings of 2011 International Conference for High Performance Computing, Networking, Storage and Analysis},
	Date-Added = {2015-04-30 05:26:47 +0000},
	Date-Modified = {2015-04-30 05:26:47 +0000},
	Isbn = {978-1-4503-0771-0},
	Keywords = {application framework, domain specific languages, high perforamnce computing},
	Location = {Seattle, Washington},
	Numpages = {12},
	Pages = {11:1--11:12},
	Publisher = {ACM},
	Series = {SC '11},
	Title = {Physis: an implicitly parallel programming model for stencil computations on large-scale GPU-accelerated supercomputers},
	Year = {2011}}

@mastersthesis{mastersthesis-full,
	Address = {English Department},
	Author = {{\'{E}}douard Masterly},
	Date-Added = {2015-04-30 05:26:47 +0000},
	Date-Modified = {2015-04-30 05:26:47 +0000},
	Month = jun # {-} # aug,
	Note = {This is a full MASTERSTHESIS entry},
	School = {Stanford University},
	Title = {Mastering Thesis Writing},
	Type = {Master's project},
	Year = 1988}

@article{McMillan-1984,
	Author = {W L McMillan},
	Date-Added = {2015-04-30 05:26:47 +0000},
	Date-Modified = {2015-04-30 05:26:47 +0000},
	Journal = {Journal of Physics C: Solid State Physics},
	Number = {18},
	Pages = {3179},
	Title = {Scaling theory of Ising spin glasses},
	Volume = {17},
	Year = {1984},
	Bdsk-Url-1 = {http://stacks.iop.org/0022-3719/17/i=18/a=010}}

@inproceedings{Micikevicius:2009:FDC:1513895.1513905,
	Acmid = {1513905},
	Address = {New York, NY, USA},
	Author = {Micikevicius, Paulius},
	Booktitle = {Proceedings of 2nd Workshop on General Purpose Processing on Graphics Processing Units},
	Date-Added = {2015-04-30 05:26:47 +0000},
	Date-Modified = {2015-04-30 05:26:47 +0000},
	Isbn = {978-1-60558-517-8},
	Keywords = {CUDA, GPU, finite difference, parallel algorithms},
	Location = {Washington, D.C.},
	Numpages = {6},
	Pages = {79--84},
	Publisher = {ACM},
	Series = {GPGPU-2},
	Title = {3D finite difference computation on GPUs using CUDA},
	Year = {2009}}

@article{Migliorini-Berker-1998,
	Author = {Migliorini, Gabriele and Berker, A. Nihat},
	Date-Added = {2015-04-30 05:26:47 +0000},
	Date-Modified = {2015-04-30 05:26:47 +0000},
	Issue = {1},
	Journal = {Phys. Rev. B},
	Month = {Jan},
	Numpages = {0},
	Pages = {426--431},
	Publisher = {American Physical Society},
	Title = {Global random-field spin-glass phase diagrams in two and three dimensions},
	Volume = {57},
	Year = {1998}}

@misc{misc-full,
	Author = {Joe-Bob Missilany},
	Date-Added = {2015-04-30 05:26:47 +0000},
	Date-Modified = {2015-04-30 05:26:47 +0000},
	Howpublished = {Handed out at O'Hare},
	Month = oct,
	Note = {This is a full MISC entry},
	Title = {Handing out random pamphlets in airports},
	Year = 1984}

@article{Mittal:2015:SCH:2775083.2788396,
	Acmid = {2788396},
	Address = {New York, NY, USA},
	Articleno = {69},
	Author = {Mittal, Sparsh and Vetter, Jeffrey S.},
	Doi = {10.1145/2788396},
	Issn = {0360-0300},
	Issue_Date = {July 2015},
	Journal = {ACM Comput. Surv.},
	Keywords = {CPU-GPU heterogeneous/hybrid/collaborative computing, dynamic/static load balancing, fused CPU-GPU chip, pipelining, programming frameworks, workload division/partitioning},
	Month = jul,
	Number = {4},
	Numpages = {35},
	Pages = {69:1--69:35},
	Publisher = {ACM},
	Title = {A Survey of CPU-GPU Heterogeneous Computing Techniques},
	Url = {http://doi.acm.org/10.1145/2788396},
	Volume = {47},
	Year = {2015},
	Bdsk-Url-1 = {http://doi.acm.org/10.1145/2788396},
	Bdsk-Url-2 = {http://dx.doi.org/10.1145/2788396}}

@article{Monaghan-1993,
	Author = {Monaghan, Sean},
	Date-Added = {2015-04-30 05:26:47 +0000},
	Date-Modified = {2015-04-30 05:26:47 +0000},
	Doi = {10.1007/BF01607878},
	Issn = {0922-5773},
	Journal = {Journal of VLSI signal processing systems for signal, image and video technology},
	Language = {English},
	Number = {2},
	Pages = {139-153},
	Publisher = {Kluwer Academic Publishers},
	Title = {{A gate-level reconfigurable Monte Carlo processor}},
	Volume = {6},
	Year = {1993},
	Bdsk-Url-1 = {http://dx.doi.org/10.1007/BF01607878}}

@article{Monthus-Garel-2013,
	Author = {Monthus, C\'ecile and Garel, Thomas},
	Date-Added = {2015-04-30 05:26:47 +0000},
	Date-Modified = {2015-04-30 05:26:47 +0000},
	Doi = {10.1103/PhysRevB.88.134204},
	Issue = {13},
	Journal = {Phys. Rev. B},
	Month = {Oct},
	Numpages = {13},
	Pages = {134204},
	Publisher = {American Physical Society},
	Title = {Typical versus averaged overlap distribution in spin glasses: Evidence for droplet scaling theory},
	Volume = {88},
	Year = {2013},
	Bdsk-Url-1 = {http://link.aps.org/doi/10.1103/PhysRevB.88.134204},
	Bdsk-Url-2 = {http://dx.doi.org/10.1103/PhysRevB.88.134204}}

@article{Moore-2005,
	Author = {M A Moore},
	Date-Added = {2015-04-30 05:26:47 +0000},
	Date-Modified = {2015-04-30 05:26:47 +0000},
	Journal = {Journal of Physics A: Mathematical and General},
	Number = {46},
	Pages = {L783},
	Title = {The stability of the replica-symmetric state in finite-dimensional spin glasses},
	Volume = {38},
	Year = {2005},
	Bdsk-Url-1 = {http://stacks.iop.org/0305-4470/38/i=46/a=L03}}

@article{Moore-Bokil-Drossel-1998,
	Author = {Moore, M. A. and Bokil, Hemant and Drossel, Barbara},
	Issue = {19},
	Journal = {Phys. Rev. Lett.},
	Month = {Nov},
	Numpages = {0},
	Pages = {4252--4255},
	Publisher = {American Physical Society},
	Title = {Evidence for the Droplet Picture of Spin Glasses},
	Volume = {81},
	Year = {1998}}

@article{Moore-etal-1998,
	Author = {Moore, M. A. and Bokil, Hemant and Drossel, Barbara},
	Date-Added = {2015-04-30 05:26:47 +0000},
	Date-Modified = {2015-04-30 05:26:47 +0000},
	Doi = {10.1103/PhysRevLett.81.4252},
	Issue = {19},
	Journal = {Phys. Rev. Lett.},
	Month = {Nov},
	Pages = {4252--4255},
	Publisher = {American Physical Society},
	Title = {Evidence for the Droplet Picture of Spin Glasses},
	Volume = {81},
	Year = {1998},
	Bdsk-Url-1 = {http://link.aps.org/doi/10.1103/PhysRevLett.81.4252},
	Bdsk-Url-2 = {http://dx.doi.org/10.1103/PhysRevLett.81.4252}}

@article{Mydosh-1986,
	Author = {Mydosh, J.A.},
	Date-Added = {2015-04-30 05:26:47 +0000},
	Date-Modified = {2015-04-30 05:26:47 +0000},
	Doi = {10.1007/BF02401580},
	Journal = {Hyperfine Interactions},
	Language = {English},
	Number = {1-4},
	Pages = {347-362},
	Publisher = {Kluwer Academic Publishers},
	Title = {Spin glasses: Some recent experiments},
	Volume = {31},
	Year = {1986},
	Bdsk-Url-1 = {http://dx.doi.org/10.1007/BF02401580}}

@book{Mydosh-1993,
	Author = {Mydosh, J.A.},
	Date-Added = {2015-04-30 05:26:47 +0000},
	Date-Modified = {2015-04-30 05:26:47 +0000},
	Lccn = {lc93019314},
	Publisher = {Taylor \& Francis Group},
	Title = {Spin Glasses: An Experimental Introduction},
	Year = {1993}}

@inproceedings{Nguyen:2010:BOS:1884643.1884658,
	Acmid = {1884658},
	Address = {Washington, DC, USA},
	Author = {Nguyen, Anthony and Satish, Nadathur and Chhugani, Jatin and Kim, Changkyu and Dubey, Pradeep},
	Booktitle = {Proceedings of the 2010 ACM/IEEE International Conference for High Performance Computing, Networking, Storage and Analysis},
	Date-Added = {2015-04-30 05:26:47 +0000},
	Date-Modified = {2015-04-30 05:26:47 +0000},
	Isbn = {978-1-4244-7559-9},
	Numpages = {13},
	Pages = {1--13},
	Publisher = {IEEE Computer Society},
	Series = {SC '10},
	Title = {3.5-D Blocking Optimization for Stencil Computations on Modern CPUs and GPUs},
	Year = {2010}}

@article{Nickolls:2008:SPP:1365490.1365500,
	Acmid = {1365500},
	Address = {New York, NY, USA},
	Author = {Nickolls, John and Buck, Ian and Garland, Michael and Skadron, Kevin},
	Date-Added = {2015-04-30 05:26:47 +0000},
	Date-Modified = {2015-04-30 05:26:47 +0000},
	Doi = {10.1145/1365490.1365500},
	Issue_Date = {March/April 2008},
	Journal = {Queue},
	Month = mar,
	Number = {2},
	Numpages = {14},
	Pages = {40--53},
	Publisher = {ACM},
	Title = {Scalable Parallel Programming with CUDA},
	Volume = {6},
	Year = {2008},
	Bdsk-Url-1 = {http://doi.acm.org/10.1145/1365490.1365500},
	Bdsk-Url-2 = {http://dx.doi.org/10.1145/1365490.1365500}}

@book{nv_cuda_prog_guide,
	Author = {NVIDIA},
	Date-Added = {2015-04-30 05:26:47 +0000},
	Date-Modified = {2015-04-30 05:26:47 +0000},
	Title = {NVIDIA CUDA Programming Guide}}

@book{nv_fermi_whitepaper,
	Author = {NVIDIA},
	Date-Added = {2015-04-30 05:26:47 +0000},
	Date-Modified = {2015-04-30 05:26:47 +0000},
	Title = {NVIDIA Fermi Compute Architecture White Paper}}

@book{nv_k80_spec,
	Author = {NVIDIA},
	Publisher = {NVIDIA},
	Title = {TESLA K80 GPU ACCELERATOR Board Specification},
	Year = {2015}}

@article{Ogielski-1985,
	Author = {Ogielski, Andrew T.},
	Date-Added = {2015-04-30 05:26:47 +0000},
	Date-Modified = {2015-04-30 05:26:47 +0000},
	Doi = {10.1103/PhysRevB.32.7384},
	Issue = {11},
	Journal = {Phys. Rev. B},
	Month = {Dec},
	Pages = {7384--7398},
	Publisher = {American Physical Society},
	Title = {{Dynamics of three-dimensional Ising spin glasses in thermal equilibrium}},
	Volume = {32},
	Year = {1985},
	Bdsk-Url-1 = {http://link.aps.org/doi/10.1103/PhysRevB.32.7384},
	Bdsk-Url-2 = {http://dx.doi.org/10.1103/PhysRevB.32.7384}}

@article{Ogielski-Morgenstern-1985,
	Author = {Ogielski, Andrew T. and Morgenstern, Ingo},
	Date-Added = {2015-04-30 05:26:47 +0000},
	Date-Modified = {2015-04-30 05:26:47 +0000},
	Doi = {10.1103/PhysRevLett.54.928},
	Issue = {9},
	Journal = {Phys. Rev. Lett.},
	Month = {Mar},
	Pages = {928--931},
	Publisher = {American Physical Society},
	Title = {{Critical behavior of three-dimensional Ising spin-glass model}},
	Volume = {54},
	Year = {1985},
	Bdsk-Url-1 = {http://link.aps.org/doi/10.1103/PhysRevLett.54.928},
	Bdsk-Url-2 = {http://dx.doi.org/10.1103/PhysRevLett.54.928}}

@misc{OpenACC,
	Title = {OpenACC Home},
	Url = {http://www.openacc.org},
	Bdsk-Url-1 = {http://www.openacc.org}}

@article{Palassini-Young-2000a,
	Author = {Palassini, Matteo and Young, A. P.},
	Date-Added = {2015-04-30 05:26:47 +0000},
	Date-Modified = {2015-04-30 05:26:47 +0000},
	Doi = {10.1103/PhysRevLett.85.3017},
	Issue = {14},
	Journal = {Phys. Rev. Lett.},
	Month = {Oct},
	Pages = {3017--3020},
	Publisher = {American Physical Society},
	Title = {Nature of the Spin Glass State},
	Volume = {85},
	Year = {2000},
	Bdsk-Url-1 = {http://link.aps.org/doi/10.1103/PhysRevLett.85.3017},
	Bdsk-Url-2 = {http://dx.doi.org/10.1103/PhysRevLett.85.3017}}

@article{Palassini-Young-2000b,
	Author = {Palassini, Matteo and Young, A. P.},
	Date-Added = {2015-04-30 05:26:47 +0000},
	Date-Modified = {2015-04-30 05:26:47 +0000},
	Doi = {10.1103/PhysRevLett.85.3333},
	Issue = {15},
	Journal = {Phys. Rev. Lett.},
	Month = {Oct},
	Pages = {3333--3333},
	Publisher = {American Physical Society},
	Title = {Palassini and Young Reply:},
	Volume = {85},
	Year = {2000},
	Bdsk-Url-1 = {http://link.aps.org/doi/10.1103/PhysRevLett.85.3333},
	Bdsk-Url-2 = {http://dx.doi.org/10.1103/PhysRevLett.85.3333}}

@article{Parisi-1979,
	Author = {Parisi, G.},
	Doi = {10.1103/PhysRevLett.43.1754},
	Issue = {23},
	Journal = {Phys. Rev. Lett.},
	Month = {Dec},
	Pages = {1754},
	Publisher = {American Physical Society},
	Title = {Infinite Number of Order Parameters for Spin-Glasses},
	Url = {http://link.aps.org/doi/10.1103/PhysRevLett.43.1754},
	Volume = {43},
	Year = {1979},
	Bdsk-Url-1 = {http://link.aps.org/doi/10.1103/PhysRevLett.43.1754},
	Bdsk-Url-2 = {http://dx.doi.org/10.1103/PhysRevLett.43.1754}}

@article{Parisi1980,
	Author = {G Parisi},
	Date-Added = {2015-05-02 22:39:25 +0000},
	Date-Modified = {2015-05-02 22:39:25 +0000},
	Journal = {Journal of Physics A: Mathematical and General},
	Number = {4},
	Pages = {L115},
	Title = {A sequence of approximated solutions to the S-K model for spin glasses},
	Url = {http://stacks.iop.org/0305-4470/13/i=4/a=009},
	Volume = {13},
	Year = {1980},
	Bdsk-Url-1 = {http://stacks.iop.org/0305-4470/13/i=4/a=009}}

@article{Parisi-1980a,
	Author = {G Parisi},
	Date-Added = {2015-04-30 05:26:47 +0000},
	Date-Modified = {2015-04-30 05:26:47 +0000},
	Journal = {Journal of Physics A: Mathematical and General},
	Number = {3},
	Pages = {1101},
	Title = {The order parameter for spin glasses: a function on the interval 0-1},
	Volume = {13},
	Year = {1980},
	Bdsk-Url-1 = {http://stacks.iop.org/0305-4470/13/i=3/a=042}}

@article{Parisi-1980b,
	Author = {G Parisi},
	Date-Added = {2015-04-30 05:26:47 +0000},
	Date-Modified = {2015-04-30 05:26:47 +0000},
	Journal = {Journal of Physics A: Mathematical and General},
	Number = {5},
	Pages = {1887},
	Title = {Magnetic properties of spin glasses in a new mean field theory},
	Volume = {13},
	Year = {1980},
	Bdsk-Url-1 = {http://stacks.iop.org/0305-4470/13/i=5/a=047}}

@article{Parisi-dirac-medal-2002,
	Adsnote = {Provided by the SAO/NASA Astrophysics Data System},
	Adsurl = {http://adsabs.harvard.edu/abs/2002cond.mat..5387P},
	Author = {{Parisi}, G.},
	Eprint = {cond-mat/0205387},
	Journal = {eprint arXiv:cond-mat/0205387},
	Keywords = {Statistical Mechanics, Disordered Systems and Neural Networks},
	Month = may,
	Title = {{The physical Meaning of Replica Symmetry Breaking}},
	Year = {2002}}

@phdthesis{phdthesis-full,
	Address = {Department of French},
	Author = {F. Phidias Phony-Baloney},
	Date-Added = {2015-04-30 05:26:47 +0000},
	Date-Modified = {2015-04-30 05:26:47 +0000},
	Month = jun # {-} # aug,
	Note = {This is a full PHDTHESIS entry},
	School = {Fanstord University},
	Title = {Fighting Fire with Fire: Festooning {F}rench Phrases},
	Type = {{PhD} Dissertation},
	Year = 1988}

@article{PhysRev.136.B864,
	Author = {Hohenberg, P. and Kohn, W.},
	Date-Added = {2015-05-04 12:33:39 +0000},
	Date-Modified = {2015-05-04 12:33:39 +0000},
	Doi = {10.1103/PhysRev.136.B864},
	Issue = {3B},
	Journal = {Phys. Rev.},
	Month = {Nov},
	Numpages = {0},
	Pages = {B864--B871},
	Publisher = {American Physical Society},
	Title = {Inhomogeneous Electron Gas},
	Url = {http://link.aps.org/doi/10.1103/PhysRev.136.B864},
	Volume = {136},
	Year = {1964},
	Bdsk-Url-1 = {http://link.aps.org/doi/10.1103/PhysRev.136.B864},
	Bdsk-Url-2 = {http://dx.doi.org/10.1103/PhysRev.136.B864}}

@article{PhysRev.140.A1133,
	Author = {Kohn, W. and Sham, L. J.},
	Date-Added = {2015-05-04 12:34:40 +0000},
	Date-Modified = {2015-05-04 12:34:40 +0000},
	Doi = {10.1103/PhysRev.140.A1133},
	Issue = {4A},
	Journal = {Phys. Rev.},
	Month = {Nov},
	Numpages = {0},
	Pages = {A1133--A1138},
	Publisher = {American Physical Society},
	Title = {Self-Consistent Equations Including Exchange and Correlation Effects},
	Url = {http://link.aps.org/doi/10.1103/PhysRev.140.A1133},
	Volume = {140},
	Year = {1965},
	Bdsk-Url-1 = {http://link.aps.org/doi/10.1103/PhysRev.140.A1133},
	Bdsk-Url-2 = {http://dx.doi.org/10.1103/PhysRev.140.A1133}}

@article{PhysRevB.19.1633,
	Author = {Nagata, Shoichi and Keesom, P. H. and Harrison, H. R.},
	Doi = {10.1103/PhysRevB.19.1633},
	Issue = {3},
	Journal = {Phys. Rev. B},
	Month = {Feb},
	Numpages = {0},
	Pages = {1633--1638},
	Publisher = {American Physical Society},
	Title = {Low-dc-field susceptibility of $\mathrm{Cu}\mathrm{Mn}$ spin glass},
	Url = {http://link.aps.org/doi/10.1103/PhysRevB.19.1633},
	Volume = {19},
	Year = {1979},
	Bdsk-Url-1 = {http://link.aps.org/doi/10.1103/PhysRevB.19.1633},
	Bdsk-Url-2 = {http://dx.doi.org/10.1103/PhysRevB.19.1633}}

@article{PhysRevB.23.1384,
	Author = {Mulder, C. A. M. and van Duyneveldt, A. J. and Mydosh, J. A.},
	Doi = {10.1103/PhysRevB.23.1384},
	Issue = {3},
	Journal = {Phys. Rev. B},
	Month = {Feb},
	Numpages = {0},
	Pages = {1384--1396},
	Publisher = {American Physical Society},
	Title = {Susceptibility of the $\mathrm{Cu}\mathrm{Mn}$ spin-glass: Frequency and field dependences},
	Url = {http://link.aps.org/doi/10.1103/PhysRevB.23.1384},
	Volume = {23},
	Year = {1981},
	Bdsk-Url-1 = {http://link.aps.org/doi/10.1103/PhysRevB.23.1384},
	Bdsk-Url-2 = {http://dx.doi.org/10.1103/PhysRevB.23.1384}}

@article{PhysRevB.44.5081,
	Author = {Ferrenberg, Alan M. and Landau, D. P.},
	Date-Added = {2013-10-24 19:05:42 +0000},
	Date-Modified = {2013-10-24 19:05:42 +0000},
	Doi = {10.1103/PhysRevB.44.5081},
	Issue = {10},
	Journal = {Phys. Rev. B},
	Month = {Sep},
	Pages = {5081},
	Publisher = {American Physical Society},
	Title = {{Critical behavior of the three-dimensional Ising model: A high-resolution Monte Carlo study}},
	Url = {http://link.aps.org/doi/10.1103/PhysRevB.44.5081},
	Volume = {44},
	Year = {1991},
	Bdsk-Url-1 = {http://link.aps.org/doi/10.1103/PhysRevB.44.5081},
	Bdsk-Url-2 = {http://dx.doi.org/10.1103/PhysRevB.44.5081},
	Bdsk-Url-3 = {http://www.nature.com/nature/journal/v448/n7153/ris/nature06050.ris}}

@article{PhysRevB.45.6479,
	Author = {Georges, Antoine and Kotliar, Gabriel},
	Date-Added = {2015-05-04 12:43:10 +0000},
	Date-Modified = {2015-05-04 12:43:10 +0000},
	Doi = {10.1103/PhysRevB.45.6479},
	Issue = {12},
	Journal = {Phys. Rev. B},
	Month = {Mar},
	Numpages = {0},
	Pages = {6479--6483},
	Publisher = {American Physical Society},
	Title = {Hubbard model in infinite dimensions},
	Url = {http://link.aps.org/doi/10.1103/PhysRevB.45.6479},
	Volume = {45},
	Year = {1992},
	Bdsk-Url-1 = {http://link.aps.org/doi/10.1103/PhysRevB.45.6479},
	Bdsk-Url-2 = {http://dx.doi.org/10.1103/PhysRevB.45.6479}}

@article{PhysRevB.48.7167,
	Author = {Georges, Antoine and Krauth, Werner},
	Doi = {10.1103/PhysRevB.48.7167},
	Issue = {10},
	Journal = {Phys. Rev. B},
	Month = {Sep},
	Numpages = {0},
	Pages = {7167--7182},
	Publisher = {American Physical Society},
	Title = {Physical properties of the half-filled Hubbard model in infinite dimensions},
	Url = {http://link.aps.org/doi/10.1103/PhysRevB.48.7167},
	Volume = {48},
	Year = {1993},
	Bdsk-Url-1 = {http://link.aps.org/doi/10.1103/PhysRevB.48.7167},
	Bdsk-Url-2 = {http://dx.doi.org/10.1103/PhysRevB.48.7167}}

@article{PhysRevB.58.3690,
	Author = {Matsuura, A. Y. and Watanabe, H. and Kim, C. and Doniach, S. and Shen, Z.-X. and Thio, T. and Bennett, J. W.},
	Doi = {10.1103/PhysRevB.58.3690},
	Issue = {7},
	Journal = {Phys. Rev. B},
	Month = {Aug},
	Numpages = {0},
	Pages = {3690--3696},
	Publisher = {American Physical Society},
	Title = {Metal-insulator transition in ${\mathrm{NiS}}_{2-x}{\mathrm{Se}}_{x}$ and the local impurity self-consistent approximation model},
	Url = {http://link.aps.org/doi/10.1103/PhysRevB.58.3690},
	Volume = {58},
	Year = {1998},
	Bdsk-Url-1 = {http://link.aps.org/doi/10.1103/PhysRevB.58.3690},
	Bdsk-Url-2 = {http://dx.doi.org/10.1103/PhysRevB.58.3690}}

@article{PhysRevB.6.4220,
	Author = {Cannella, V. and Mydosh, J. A.},
	Doi = {10.1103/PhysRevB.6.4220},
	Issue = {11},
	Journal = {Phys. Rev. B},
	Month = {Dec},
	Numpages = {0},
	Pages = {4220--4237},
	Publisher = {American Physical Society},
	Title = {Magnetic Ordering in Gold-Iron Alloys},
	Url = {http://link.aps.org/doi/10.1103/PhysRevB.6.4220},
	Volume = {6},
	Year = {1972},
	Bdsk-Url-1 = {http://link.aps.org/doi/10.1103/PhysRevB.6.4220},
	Bdsk-Url-2 = {http://dx.doi.org/10.1103/PhysRevB.6.4220}}

@article{PhysRevB.62.14237,
	Author = {Ballesteros, H. G. and Cruz, A. and Fern\'andez, L. A. and Mart\'{\i}n-Mayor, V. and Pech, J. and Ruiz-Lorenzo, J. J. and Taranc\'on, A. and T\'ellez, P. and Ullod, C. L. and Ungil, C.},
	Doi = {10.1103/PhysRevB.62.14237},
	Issue = {21},
	Journal = {Phys. Rev. B},
	Month = {Dec},
	Numpages = {0},
	Pages = {14237--14245},
	Publisher = {American Physical Society},
	Title = {Critical behavior of the three-dimensional Ising spin glass},
	Url = {http://link.aps.org/doi/10.1103/PhysRevB.62.14237},
	Volume = {62},
	Year = {2000},
	Bdsk-Url-1 = {http://link.aps.org/doi/10.1103/PhysRevB.62.14237},
	Bdsk-Url-2 = {http://dx.doi.org/10.1103/PhysRevB.62.14237}}

@article{PhysRevB.74.155107,
	Author = {Werner, Philipp and Millis, Andrew J.},
	Date-Added = {2015-05-02 23:15:54 +0000},
	Date-Modified = {2015-05-02 23:15:54 +0000},
	Doi = {10.1103/PhysRevB.74.155107},
	Issue = {15},
	Journal = {Phys. Rev. B},
	Month = {Oct},
	Numpages = {13},
	Pages = {155107},
	Publisher = {American Physical Society},
	Title = {Hybridization expansion impurity solver: General formulation and application to Kondo lattice and two-orbital models},
	Url = {http://link.aps.org/doi/10.1103/PhysRevB.74.155107},
	Volume = {74},
	Year = {2006},
	Bdsk-Url-1 = {http://link.aps.org/doi/10.1103/PhysRevB.74.155107},
	Bdsk-Url-2 = {http://dx.doi.org/10.1103/PhysRevB.74.155107}}

@article{PhysRevB.75.155113,
	Author = {Haule, Kristjan},
	Date-Added = {2015-05-02 23:15:54 +0000},
	Date-Modified = {2015-05-02 23:15:54 +0000},
	Doi = {10.1103/PhysRevB.75.155113},
	Issue = {15},
	Journal = {Phys. Rev. B},
	Month = {Apr},
	Numpages = {12},
	Pages = {155113},
	Publisher = {American Physical Society},
	Title = {Quantum Monte Carlo impurity solver for cluster dynamical mean-field theory and electronic structure calculations with adjustable cluster base},
	Url = {http://link.aps.org/doi/10.1103/PhysRevB.75.155113},
	Volume = {75},
	Year = {2007},
	Bdsk-Url-1 = {http://link.aps.org/doi/10.1103/PhysRevB.75.155113},
	Bdsk-Url-2 = {http://dx.doi.org/10.1103/PhysRevB.75.155113}}

@article{PhysRevB.80.235117,
	Author = {L\"auchli, Andreas M. and Werner, Philipp},
	Date-Added = {2015-05-02 23:15:54 +0000},
	Date-Modified = {2015-05-02 23:15:54 +0000},
	Doi = {10.1103/PhysRevB.80.235117},
	Issue = {23},
	Journal = {Phys. Rev. B},
	Month = {Dec},
	Numpages = {8},
	Pages = {235117},
	Publisher = {American Physical Society},
	Title = {Krylov implementation of the hybridization expansion impurity solver and application to 5-orbital models},
	Url = {http://link.aps.org/doi/10.1103/PhysRevB.80.235117},
	Volume = {80},
	Year = {2009},
	Bdsk-Url-1 = {http://link.aps.org/doi/10.1103/PhysRevB.80.235117},
	Bdsk-Url-2 = {http://dx.doi.org/10.1103/PhysRevB.80.235117}}

@article{PhysRevB.88.134204,
	Author = {Monthus, C\'ecile and Garel, Thomas},
	Doi = {10.1103/PhysRevB.88.134204},
	Issue = {13},
	Journal = {Phys. Rev. B},
	Month = {Oct},
	Numpages = {13},
	Pages = {134204},
	Publisher = {American Physical Society},
	Title = {Typical versus averaged overlap distribution in spin glasses: Evidence for droplet scaling theory},
	Url = {http://link.aps.org/doi/10.1103/PhysRevB.88.134204},
	Volume = {88},
	Year = {2013},
	Bdsk-Url-1 = {http://link.aps.org/doi/10.1103/PhysRevB.88.134204},
	Bdsk-Url-2 = {http://dx.doi.org/10.1103/PhysRevB.88.134204}}

@article{PhysRevLett.101.130603,
	Author = {Bittner, Elmar and Nu\ss{}baumer, Andreas and Janke, Wolfhard},
	Date-Added = {2013-11-07 16:52:16 +0000},
	Date-Modified = {2013-11-07 16:52:16 +0000},
	Doi = {10.1103/PhysRevLett.101.130603},
	Issue = {13},
	Journal = {Phys. Rev. Lett.},
	Month = {Sep},
	Numpages = {4},
	Pages = {130603},
	Publisher = {American Physical Society},
	Title = {Make Life Simple: Unleash the Full Power of the Parallel Tempering Algorithm},
	Url = {http://link.aps.org/doi/10.1103/PhysRevLett.101.130603},
	Volume = {101},
	Year = {2008},
	Bdsk-Url-1 = {http://link.aps.org/doi/10.1103/PhysRevLett.101.130603},
	Bdsk-Url-2 = {http://dx.doi.org/10.1103/PhysRevLett.101.130603}}

@article{PhysRevLett.116.061102,
	Author = {Abbott, B. P. and Abbott, R. and Abbott, T. D. and Abernathy, M. R. and Acernese, F. and Ackley, K. and Adams, C. and Adams, T. and Addesso, P. and Adhikari, R. X. and Adya, V. B. and Affeldt, C. and Agathos, M. and Agatsuma, K. and Aggarwal, N. and Aguiar, O. D. and Aiello, L. and Ain, A. and Ajith, P. and Allen, B. and Allocca, A. and Altin, P. A. and Anderson, S. B. and Anderson, W. G. and Arai, K. and Arain, M. A. and Araya, M. C. and Arceneaux, C. C. and Areeda, J. S. and Arnaud, N. and Arun, K. G. and Ascenzi, S. and Ashton, G. and Ast, M. and Aston, S. M. and Astone, P. and Aufmuth, P. and Aulbert, C. and Babak, S. and Bacon, P. and Bader, M. K. M. and Baker, P. T. and Baldaccini, F. and Ballardin, G. and Ballmer, S. W. and Barayoga, J. C. and Barclay, S. E. and Barish, B. C. and Barker, D. and Barone, F. and Barr, B. and Barsotti, L. and Barsuglia, M. and Barta, D. and Bartlett, J. and Barton, M. A. and Bartos, I. and Bassiri, R. and Basti, A. and Batch, J. C. and Baune, C. and Bavigadda, V. and Bazzan, M. and Behnke, B. and Bejger, M. and Belczynski, C. and Bell, A. S. and Bell, C. J. and Berger, B. K. and Bergman, J. and Bergmann, G. and Berry, C. P. L. and Bersanetti, D. and Bertolini, A. and Betzwieser, J. and Bhagwat, S. and Bhandare, R. and Bilenko, I. A. and Billingsley, G. and Birch, J. and Birney, R. and Birnholtz, O. and Biscans, S. and Bisht, A. and Bitossi, M. and Biwer, C. and Bizouard, M. A. and Blackburn, J. K. and Blair, C. D. and Blair, D. G. and Blair, R. M. and Bloemen, S. and Bock, O. and Bodiya, T. P. and Boer, M. and Bogaert, G. and Bogan, C. and Bohe, A. and Bojtos, P. and Bond, C. and Bondu, F. and Bonnand, R. and Boom, B. A. and Bork, R. and Boschi, V. and Bose, S. and Bouffanais, Y. and Bozzi, A. and Bradaschia, C. and Brady, P. R. and Braginsky, V. B. and Branchesi, M. and Brau, J. E. and Briant, T. and Brillet, A. and Brinkmann, M. and Brisson, V. and Brockill, P. and Brooks, A. F. and Brown, D. A. and Brown, D. D. and Brown, N. M. and Buchanan, C. C. and Buikema, A. and Bulik, T. and Bulten, H. J. and Buonanno, A. and Buskulic, D. and Buy, C. and Byer, R. L. and Cabero, M. and Cadonati, L. and Cagnoli, G. and Cahillane, C. and Bustillo, J. Calder\'on and Callister, T. and Calloni, E. and Camp, J. B. and Cannon, K. C. and Cao, J. and Capano, C. D. and Capocasa, E. and Carbognani, F. and Caride, S. and Diaz, J. Casanueva and Casentini, C. and Caudill, S. and Cavagli\`a, M. and Cavalier, F. and Cavalieri, R. and Cella, G. and Cepeda, C. B. and Baiardi, L. Cerboni and Cerretani, G. and Cesarini, E. and Chakraborty, R. and Chalermsongsak, T. and Chamberlin, S. J. and Chan, M. and Chao, S. and Charlton, P. and Chassande-Mottin, E. and Chen, H. Y. and Chen, Y. and Cheng, C. and Chincarini, A. and Chiummo, A. and Cho, H. S. and Cho, M. and Chow, J. H. and Christensen, N. and Chu, Q. and Chua, S. and Chung, S. and Ciani, G. and Clara, F. and Clark, J. A. and Cleva, F. and Coccia, E. and Cohadon, P.-F. and Colla, A. and Collette, C. G. and Cominsky, L. and Constancio, M. and Conte, A. and Conti, L. and Cook, D. and Corbitt, T. R. and Cornish, N. and Corsi, A. and Cortese, S. and Costa, C. A. and Coughlin, M. W. and Coughlin, S. B. and Coulon, J.-P. and Countryman, S. T. and Couvares, P. and Cowan, E. E. and Coward, D. M. and Cowart, M. J. and Coyne, D. C. and Coyne, R. and Craig, K. and Creighton, J. D. E. and Creighton, T. D. and Cripe, J. and Crowder, S. G. and Cruise, A. M. and Cumming, A. and Cunningham, L. and Cuoco, E. and Canton, T. Dal and Danilishin, S. L. and D'Antonio, S. and Danzmann, K. and Darman, N. S. and Da Silva Costa, C. F. and Dattilo, V. and Dave, I. and Daveloza, H. P. and Davier, M. and Davies, G. S. and Daw, E. J. and Day, R. and De, S. and DeBra, D. and Debreczeni, G. and Degallaix, J. and De Laurentis, M. and Del\'eglise, S. and Del Pozzo, W. and Denker, T. and Dent, T. and Dereli, H. and Dergachev, V. and DeRosa, R. T. and De Rosa, R. and DeSalvo, R. and Dhurandhar, S. and D\'{\i}az, M. C. and Di Fiore, L. and Di Giovanni, M. and Di Lieto, A. and Di Pace, S. and Di Palma, I. and Di Virgilio, A. and Dojcinoski, G. and Dolique, V. and Donovan, F. and Dooley, K. L. and Doravari, S. and Douglas, R. and Downes, T. P. and Drago, M. and Drever, R. W. P. and Driggers, J. C. and Du, Z. and Ducrot, M. and Dwyer, S. E. and Edo, T. B. and Edwards, M. C. and Effler, A. and Eggenstein, H.-B. and Ehrens, P. and Eichholz, J. and Eikenberry, S. S. and Engels, W. and Essick, R. C. and Etzel, T. and Evans, M. and Evans, T. M. and Everett, R. and Factourovich, M. and Fafone, V. and Fair, H. and Fairhurst, S. and Fan, X. and Fang, Q. and Farinon, S. and Farr, B. and Farr, W. M. and Favata, M. and Fays, M. and Fehrmann, H. and Fejer, M. M. and Feldbaum, D. and Ferrante, I. and Ferreira, E. C. and Ferrini, F. and Fidecaro, F. and Finn, L. S. and Fiori, I. and Fiorucci, D. and Fisher, R. P. and Flaminio, R. and Fletcher, M. and Fong, H. and Fournier, J.-D. and Franco, S. and Frasca, S. and Frasconi, F. and Frede, M. and Frei, Z. and Freise, A. and Frey, R. and Frey, V. and Fricke, T. T. and Fritschel, P. and Frolov, V. V. and Fulda, P. and Fyffe, M. and Gabbard, H. A. G. and Gair, J. R. and Gammaitoni, L. and Gaonkar, S. G. and Garufi, F. and Gatto, A. and Gaur, G. and Gehrels, N. and Gemme, G. and Gendre, B. and Genin, E. and Gennai, A. and George, J. and Gergely, L. and Germain, V. and Ghosh, Abhirup and Ghosh, Archisman and Ghosh, S. and Giaime, J. A. and Giardina, K. D. and Giazotto, A. and Gill, K. and Glaefke, A. and Gleason, J. R. and Goetz, E. and Goetz, R. and Gondan, L. and Gonz\'alez, G. and Castro, J. M. Gonzalez and Gopakumar, A. and Gordon, N. A. and Gorodetsky, M. L. and Gossan, S. E. and Gosselin, M. and Gouaty, R. and Graef, C. and Graff, P. B. and Granata, M. and Grant, A. and Gras, S. and Gray, C. and Greco, G. and Green, A. C. and Greenhalgh, R. J. S. and Groot, P. and Grote, H. and Grunewald, S. and Guidi, G. M. and Guo, X. and Gupta, A. and Gupta, M. K. and Gushwa, K. E. and Gustafson, E. K. and Gustafson, R. and Hacker, J. J. and Hall, B. R. and Hall, E. D. and Hammond, G. and Haney, M. and Hanke, M. M. and Hanks, J. and Hanna, C. and Hannam, M. D. and Hanson, J. and Hardwick, T. and Harms, J. and Harry, G. M. and Harry, I. W. and Hart, M. J. and Hartman, M. T. and Haster, C.-J. and Haughian, K. and Healy, J. and Heefner, J. and Heidmann, A. and Heintze, M. C. and Heinzel, G. and Heitmann, H. and Hello, P. and Hemming, G. and Hendry, M. and Heng, I. S. and Hennig, J. and Heptonstall, A. W. and Heurs, M. and Hild, S. and Hoak, D. and Hodge, K. A. and Hofman, D. and Hollitt, S. E. and Holt, K. and Holz, D. E. and Hopkins, P. and Hosken, D. J. and Hough, J. and Houston, E. A. and Howell, E. J. and Hu, Y. M. and Huang, S. and Huerta, E. A. and Huet, D. and Hughey, B. and Husa, S. and Huttner, S. H. and Huynh-Dinh, T. and Idrisy, A. and Indik, N. and Ingram, D. R. and Inta, R. and Isa, H. N. and Isac, J.-M. and Isi, M. and Islas, G. and Isogai, T. and Iyer, B. R. and Izumi, K. and Jacobson, M. B. and Jacqmin, T. and Jang, H. and Jani, K. and Jaranowski, P. and Jawahar, S. and Jim\'enez-Forteza, F. and Johnson, W. W. and Johnson-McDaniel, N. K. and Jones, D. I. and Jones, R. and Jonker, R. J. G. and Ju, L. and Haris, K. and Kalaghatgi, C. V. and Kalogera, V. and Kandhasamy, S. and Kang, G. and Kanner, J. B. and Karki, S. and Kasprzack, M. and Katsavounidis, E. and Katzman, W. and Kaufer, S. and Kaur, T. and Kawabe, K. and Kawazoe, F. and K\'ef\'elian, F. and Kehl, M. S. and Keitel, D. and Kelley, D. B. and Kells, W. and Kennedy, R. and Keppel, D. G. and Key, J. S. and Khalaidovski, A. and Khalili, F. Y. and Khan, I. and Khan, S. and Khan, Z. and Khazanov, E. A. and Kijbunchoo, N. and Kim, C. and Kim, J. and Kim, K. and Kim, Nam-Gyu and Kim, Namjun and Kim, Y.-M. and King, E. J. and King, P. J. and Kinzel, D. L. and Kissel, J. S. and Kleybolte, L. and Klimenko, S. and Koehlenbeck, S. M. and Kokeyama, K. and Koley, S. and Kondrashov, V. and Kontos, A. and Koranda, S. and Korobko, M. and Korth, W. Z. and Kowalska, I. and Kozak, D. B. and Kringel, V. and Krishnan, B. and Kr\'olak, A. and Krueger, C. and Kuehn, G. and Kumar, P. and Kumar, R. and Kuo, L. and Kutynia, A. and Kwee, P. and Lackey, B. D. and Landry, M. and Lange, J. and Lantz, B. and Lasky, P. D. and Lazzarini, A. and Lazzaro, C. and Leaci, P. and Leavey, S. and Lebigot, E. O. and Lee, C. H. and Lee, H. K. and Lee, H. M. and Lee, K. and Lenon, A. and Leonardi, M. and Leong, J. R. and Leroy, N. and Letendre, N. and Levin, Y. and Levine, B. M. and Li, T. G. F. and Libson, A. and Littenberg, T. B. and Lockerbie, N. A. and Logue, J. and Lombardi, A. L. and London, L. T. and Lord, J. E. and Lorenzini, M. and Loriette, V. and Lormand, M. and Losurdo, G. and Lough, J. D. and Lousto, C. O. and Lovelace, G. and L\"uck, H. and Lundgren, A. P. and Luo, J. and Lynch, R. and Ma, Y. and MacDonald, T. and Machenschalk, B. and MacInnis, M. and Macleod, D. M. and Maga\~na-Sandoval, F. and Magee, R. M. and Mageswaran, M. and Majorana, E. and Maksimovic, I. and Malvezzi, V. and Man, N. and Mandel, I. and Mandic, V. and Mangano, V. and Mansell, G. L. and Manske, M. and Mantovani, M. and Marchesoni, F. and Marion, F. and M\'arka, S. and M\'arka, Z. and Markosyan, A. S. and Maros, E. and Martelli, F. and Martellini, L. and Martin, I. W. and Martin, R. M. and Martynov, D. V. and Marx, J. N. and Mason, K. and Masserot, A. and Massinger, T. J. and Masso-Reid, M. and Matichard, F. and Matone, L. and Mavalvala, N. and Mazumder, N. and Mazzolo, G. and McCarthy, R. and McClelland, D. E. and McCormick, S. and McGuire, S. C. and McIntyre, G. and McIver, J. and McManus, D. J. and McWilliams, S. T. and Meacher, D. and Meadors, G. D. and Meidam, J. and Melatos, A. and Mendell, G. and Mendoza-Gandara, D. and Mercer, R. A. and Merilh, E. and Merzougui, M. and Meshkov, S. and Messenger, C. and Messick, C. and Meyers, P. M. and Mezzani, F. and Miao, H. and Michel, C. and Middleton, H. and Mikhailov, E. E. and Milano, L. and Miller, J. and Millhouse, M. and Minenkov, Y. and Ming, J. and Mirshekari, S. and Mishra, C. and Mitra, S. and Mitrofanov, V. P. and Mitselmakher, G. and Mittleman, R. and Moggi, A. and Mohan, M. and Mohapatra, S. R. P. and Montani, M. and Moore, B. C. and Moore, C. J. and Moraru, D. and Moreno, G. and Morriss, S. R. and Mossavi, K. and Mours, B. and Mow-Lowry, C. M. and Mueller, C. L. and Mueller, G. and Muir, A. W. and Mukherjee, Arunava and Mukherjee, D. and Mukherjee, S. and Mukund, N. and Mullavey, A. and Munch, J. and Murphy, D. J. and Murray, P. G. and Mytidis, A. and Nardecchia, I. and Naticchioni, L. and Nayak, R. K. and Necula, V. and Nedkova, K. and Nelemans, G. and Neri, M. and Neunzert, A. and Newton, G. and Nguyen, T. T. and Nielsen, A. B. and Nissanke, S. and Nitz, A. and Nocera, F. and Nolting, D. and Normandin, M. E. N. and Nuttall, L. K. and Oberling, J. and Ochsner, E. and O'Dell, J. and Oelker, E. and Ogin, G. H. and Oh, J. J. and Oh, S. H. and Ohme, F. and Oliver, M. and Oppermann, P. and Oram, Richard J. and O'Reilly, B. and O'Shaughnessy, R. and Ott, C. D. and Ottaway, D. J. and Ottens, R. S. and Overmier, H. and Owen, B. J. and Pai, A. and Pai, S. A. and Palamos, J. R. and Palashov, O. and Palomba, C. and Pal-Singh, A. and Pan, H. and Pan, Y. and Pankow, C. and Pannarale, F. and Pant, B. C. and Paoletti, F. and Paoli, A. and Papa, M. A. and Paris, H. R. and Parker, W. and Pascucci, D. and Pasqualetti, A. and Passaquieti, R. and Passuello, D. and Patricelli, B. and Patrick, Z. and Pearlstone, B. L. and Pedraza, M. and Pedurand, R. and Pekowsky, L. and Pele, A. and Penn, S. and Perreca, A. and Pfeiffer, H. P. and Phelps, M. and Piccinni, O. and Pichot, M. and Pickenpack, M. and Piergiovanni, F. and Pierro, V. and Pillant, G. and Pinard, L. and Pinto, I. M. and Pitkin, M. and Poeld, J. H. and Poggiani, R. and Popolizio, P. and Post, A. and Powell, J. and Prasad, J. and Predoi, V. and Premachandra, S. S. and Prestegard, T. and Price, L. R. and Prijatelj, M. and Principe, M. and Privitera, S. and Prix, R. and Prodi, G. A. and Prokhorov, L. and Puncken, O. and Punturo, M. and Puppo, P. and P\"urrer, M. and Qi, H. and Qin, J. and Quetschke, V. and Quintero, E. A. and Quitzow-James, R. and Raab, F. J. and Rabeling, D. S. and Radkins, H. and Raffai, P. and Raja, S. and Rakhmanov, M. and Ramet, C. R. and Rapagnani, P. and Raymond, V. and Razzano, M. and Re, V. and Read, J. and Reed, C. M. and Regimbau, T. and Rei, L. and Reid, S. and Reitze, D. H. and Rew, H. and Reyes, S. D. and Ricci, F. and Riles, K. and Robertson, N. A. and Robie, R. and Robinet, F. and Rocchi, A. and Rolland, L. and Rollins, J. G. and Roma, V. J. and Romano, J. D. and Romano, R. and Romanov, G. and Romie, J. H. and Rosi\ifmmode \acute{n}\else \'{n}\fi{}ska, D. and Rowan, S. and R\"udiger, A. and Ruggi, P. and Ryan, K. and Sachdev, S. and Sadecki, T. and Sadeghian, L. and Salconi, L. and Saleem, M. and Salemi, F. and Samajdar, A. and Sammut, L. and Sampson, L. M. and Sanchez, E. J. and Sandberg, V. and Sandeen, B. and Sanders, G. H. and Sanders, J. R. and Sassolas, B. and Sathyaprakash, B. S. and Saulson, P. R. and Sauter, O. and Savage, R. L. and Sawadsky, A. and Schale, P. and Schilling, R. and Schmidt, J. and Schmidt, P. and Schnabel, R. and Schofield, R. M. S. and Sch\"onbeck, A. and Schreiber, E. and Schuette, D. and Schutz, B. F. and Scott, J. and Scott, S. M. and Sellers, D. and Sengupta, A. S. and Sentenac, D. and Sequino, V. and Sergeev, A. and Serna, G. and Setyawati, Y. and Sevigny, A. and Shaddock, D. A. and Shaffer, T. and Shah, S. and Shahriar, M. S. and Shaltev, M. and Shao, Z. and Shapiro, B. and Shawhan, P. and Sheperd, A. and Shoemaker, D. H. and Shoemaker, D. M. and Siellez, K. and Siemens, X. and Sigg, D. and Silva, A. D. and Simakov, D. and Singer, A. and Singer, L. P. and Singh, A. and Singh, R. and Singhal, A. and Sintes, A. M. and Slagmolen, B. J. J. and Smith, J. R. and Smith, M. R. and Smith, N. D. and Smith, R. J. E. and Son, E. J. and Sorazu, B. and Sorrentino, F. and Souradeep, T. and Srivastava, A. K. and Staley, A. and Steinke, M. and Steinlechner, J. and Steinlechner, S. and Steinmeyer, D. and Stephens, B. C. and Stevenson, S. P. and Stone, R. and Strain, K. A. and Straniero, N. and Stratta, G. and Strauss, N. A. and Strigin, S. and Sturani, R. and Stuver, A. L. and Summerscales, T. Z. and Sun, L. and Sutton, P. J. and Swinkels, B. L. and Szczepa\ifmmode \acute{n}\else \'{n}\fi{}czyk, M. J. and Tacca, M. and Talukder, D. and Tanner, D. B. and T\'apai, M. and Tarabrin, S. P. and Taracchini, A. and Taylor, R. and Theeg, T. and Thirugnanasambandam, M. P. and Thomas, E. G. and Thomas, M. and Thomas, P. and Thorne, K. A. and Thorne, K. S. and Thrane, E. and Tiwari, S. and Tiwari, V. and Tokmakov, K. V. and Tomlinson, C. and Tonelli, M. and Torres, C. V. and Torrie, C. I. and T\"oyr\"a, D. and Travasso, F. and Traylor, G. and Trifir\`o, D. and Tringali, M. C. and Trozzo, L. and Tse, M. and Turconi, M. and Tuyenbayev, D. and Ugolini, D. and Unnikrishnan, C. S. and Urban, A. L. and Usman, S. A. and Vahlbruch, H. and Vajente, G. and Valdes, G. and Vallisneri, M. and van Bakel, N. and van Beuzekom, M. and van den Brand, J. F. J. and Van Den Broeck, C. and Vander-Hyde, D. C. and van der Schaaf, L. and van Heijningen, J. V. and van Veggel, A. A. and Vardaro, M. and Vass, S. and Vas\'uth, M. and Vaulin, R. and Vecchio, A. and Vedovato, G. and Veitch, J. and Veitch, P. J. and Venkateswara, K. and Verkindt, D. and Vetrano, F. and Vicer\'e, A. and Vinciguerra, S. and Vine, D. J. and Vinet, J.-Y. and Vitale, S. and Vo, T. and Vocca, H. and Vorvick, C. and Voss, D. and Vousden, W. D. and Vyatchanin, S. P. and Wade, A. R. and Wade, L. E. and Wade, M. and Waldman, S. J. and Walker, M. and Wallace, L. and Walsh, S. and Wang, G. and Wang, H. and Wang, M. and Wang, X. and Wang, Y. and Ward, H. and Ward, R. L. and Warner, J. and Was, M. and Weaver, B. and Wei, L.-W. and Weinert, M. and Weinstein, A. J. and Weiss, R. and Welborn, T. and Wen, L. and We\ss{}els, P. and Westphal, T. and Wette, K. and Whelan, J. T. and Whitcomb, S. E. and White, D. J. and Whiting, B. F. and Wiesner, K. and Wilkinson, C. and Willems, P. A. and Williams, L. and Williams, R. D. and Williamson, A. R. and Willis, J. L. and Willke, B. and Wimmer, M. H. and Winkelmann, L. and Winkler, W. and Wipf, C. C. and Wiseman, A. G. and Wittel, H. and Woan, G. and Worden, J. and Wright, J. L. and Wu, G. and Yablon, J. and Yakushin, I. and Yam, W. and Yamamoto, H. and Yancey, C. C. and Yap, M. J. and Yu, H. and Yvert, M. and Zadro\ifmmode \dot{z}\else \.{z}\fi{}ny, A. and Zangrando, L. and Zanolin, M. and Zendri, J.-P. and Zevin, M. and Zhang, F. and Zhang, L. and Zhang, M. and Zhang, Y. and Zhao, C. and Zhou, M. and Zhou, Z. and Zhu, X. J. and Zucker, M. E. and Zuraw, S. E. and Zweizig, J.},
	Collaboration = {LIGO Scientific Collaboration and Virgo Collaboration},
	Doi = {10.1103/PhysRevLett.116.061102},
	Issue = {6},
	Journal = {Phys. Rev. Lett.},
	Month = {Feb},
	Numpages = {16},
	Pages = {061102},
	Publisher = {American Physical Society},
	Title = {Observation of Gravitational Waves from a Binary Black Hole Merger},
	Url = {http://link.aps.org/doi/10.1103/PhysRevLett.116.061102},
	Volume = {116},
	Year = {2016},
	Bdsk-Url-1 = {http://link.aps.org/doi/10.1103/PhysRevLett.116.061102},
	Bdsk-Url-2 = {http://dx.doi.org/10.1103/PhysRevLett.116.061102}}

@article{PhysRevLett.42.1390,
	Author = {Creutz, Michael and Jacobs, Laurence and Rebbi, Claudio},
	Date-Added = {2015-04-30 05:26:47 +0000},
	Date-Modified = {2015-04-30 05:26:47 +0000},
	Issue = {21},
	Journal = {Phys. Rev. Lett.},
	Month = {May},
	Pages = {1390--1393},
	Publisher = {American Physical Society},
	Title = {Experiments with a Gauge-Invariant Ising System},
	Volume = {42},
	Year = {1979}}

@article{PhysRevLett.52.1156,
	Author = {M\'ezard, M. and Parisi, G. and Sourlas, N. and Toulouse, G. and Virasoro, M.},
	Doi = {10.1103/PhysRevLett.52.1156},
	Issue = {13},
	Journal = {Phys. Rev. Lett.},
	Month = {Mar},
	Numpages = {0},
	Pages = {1156--1159},
	Publisher = {American Physical Society},
	Title = {Nature of the Spin-Glass Phase},
	Url = {http://link.aps.org/doi/10.1103/PhysRevLett.52.1156},
	Volume = {52},
	Year = {1984},
	Bdsk-Url-1 = {http://link.aps.org/doi/10.1103/PhysRevLett.52.1156},
	Bdsk-Url-2 = {http://dx.doi.org/10.1103/PhysRevLett.52.1156}}

@article{PhysRevLett.69.1236,
	Author = {Rozenberg, M. J. and Zhang, X. Y. and Kotliar, G.},
	Doi = {10.1103/PhysRevLett.69.1236},
	Issue = {8},
	Journal = {Phys. Rev. Lett.},
	Month = {Aug},
	Numpages = {0},
	Pages = {1236--1239},
	Publisher = {American Physical Society},
	Title = {Mott-Hubbard transition in infinite dimensions},
	Url = {http://link.aps.org/doi/10.1103/PhysRevLett.69.1236},
	Volume = {69},
	Year = {1992},
	Bdsk-Url-1 = {http://link.aps.org/doi/10.1103/PhysRevLett.69.1236},
	Bdsk-Url-2 = {http://dx.doi.org/10.1103/PhysRevLett.69.1236}}

@article{PhysRevLett.69.1240,
	Author = {Georges, Antoine and Krauth, Werner},
	Doi = {10.1103/PhysRevLett.69.1240},
	Issue = {8},
	Journal = {Phys. Rev. Lett.},
	Month = {Aug},
	Numpages = {0},
	Pages = {1240--1243},
	Publisher = {American Physical Society},
	Title = {Numerical solution of the \textit{d} =\ensuremath{\infty} Hubbard model: Evidence for a Mott transition},
	Url = {http://link.aps.org/doi/10.1103/PhysRevLett.69.1240},
	Volume = {69},
	Year = {1992},
	Bdsk-Url-1 = {http://link.aps.org/doi/10.1103/PhysRevLett.69.1240},
	Bdsk-Url-2 = {http://dx.doi.org/10.1103/PhysRevLett.69.1240}}

@article{PhysRevLett.69.168,
	Author = {Jarrell, M.},
	Doi = {10.1103/PhysRevLett.69.168},
	Issue = {1},
	Journal = {Phys. Rev. Lett.},
	Month = {Jul},
	Numpages = {0},
	Pages = {168--171},
	Publisher = {American Physical Society},
	Title = {Hubbard model in infinite dimensions: A quantum Monte Carlo study},
	Url = {http://link.aps.org/doi/10.1103/PhysRevLett.69.168},
	Volume = {69},
	Year = {1992},
	Bdsk-Url-1 = {http://link.aps.org/doi/10.1103/PhysRevLett.69.168},
	Bdsk-Url-2 = {http://dx.doi.org/10.1103/PhysRevLett.69.168}}

@article{PhysRevLett.69.1796,
	Author = {Fujimori, A. and Hase, I. and Namatame, H. and Fujishima, Y. and Tokura, Y. and Eisaki, H. and Uchida, S. and Takegahara, K. and de Groot, F. M. F.},
	Doi = {10.1103/PhysRevLett.69.1796},
	Issue = {12},
	Journal = {Phys. Rev. Lett.},
	Month = {Sep},
	Numpages = {0},
	Pages = {1796--1799},
	Publisher = {American Physical Society},
	Title = {Evolution of the spectral function in Mott-Hubbard systems with ${\mathit{d}}^{1}$ configuration},
	Url = {http://link.aps.org/doi/10.1103/PhysRevLett.69.1796},
	Volume = {69},
	Year = {1992},
	Bdsk-Url-1 = {http://link.aps.org/doi/10.1103/PhysRevLett.69.1796},
	Bdsk-Url-2 = {http://dx.doi.org/10.1103/PhysRevLett.69.1796}}

@article{PhysRevLett.69.3382,
	Author = {Ferrenberg, Alan M. and Landau, D. P. and Wong, Y. Joanna},
	Date-Added = {2015-04-30 05:26:47 +0000},
	Date-Modified = {2015-04-30 05:26:47 +0000},
	Issue = {23},
	Journal = {Phys. Rev. Lett.},
	Month = {Dec},
	Pages = {3382--3384},
	Publisher = {American Physical Society},
	Title = {Monte Carlo simulations: Hidden errors from ``good'' random number generators},
	Volume = {69},
	Year = {1992}}

@article{PhysRevLett.70.1666,
	Author = {Zhang, X. Y. and Rozenberg, M. J. and Kotliar, G.},
	Doi = {10.1103/PhysRevLett.70.1666},
	Issue = {11},
	Journal = {Phys. Rev. Lett.},
	Month = {Mar},
	Numpages = {0},
	Pages = {1666--1669},
	Publisher = {American Physical Society},
	Title = {Mott transition in the \textit{d} =\ensuremath{\infty} Hubbard model at zero temperature},
	Url = {http://link.aps.org/doi/10.1103/PhysRevLett.70.1666},
	Volume = {70},
	Year = {1993},
	Bdsk-Url-1 = {http://link.aps.org/doi/10.1103/PhysRevLett.70.1666},
	Bdsk-Url-2 = {http://dx.doi.org/10.1103/PhysRevLett.70.1666}}

@article{PhysRevLett.75.105,
	Author = {Rozenberg, M. J. and Kotliar, G. and Kajueter, H. and Thomas, G. A. and Rapkine, D. H. and Honig, J. M. and Metcalf, P.},
	Doi = {10.1103/PhysRevLett.75.105},
	Issue = {1},
	Journal = {Phys. Rev. Lett.},
	Month = {Jul},
	Numpages = {0},
	Pages = {105--108},
	Publisher = {American Physical Society},
	Title = {Optical Conductivity in Mott-Hubbard Systems},
	Url = {http://link.aps.org/doi/10.1103/PhysRevLett.75.105},
	Volume = {75},
	Year = {1995},
	Bdsk-Url-1 = {http://link.aps.org/doi/10.1103/PhysRevLett.75.105},
	Bdsk-Url-2 = {http://dx.doi.org/10.1103/PhysRevLett.75.105}}

@article{PhysRevLett.87.206402,
	Author = {Hirsch, J. E.},
	Date-Added = {2015-05-04 12:49:24 +0000},
	Date-Modified = {2015-05-04 12:49:24 +0000},
	Doi = {10.1103/PhysRevLett.87.206402},
	Issue = {20},
	Journal = {Phys. Rev. Lett.},
	Month = {Oct},
	Numpages = {4},
	Pages = {206402},
	Publisher = {American Physical Society},
	Title = {Dynamic Hubbard Model},
	Url = {http://link.aps.org/doi/10.1103/PhysRevLett.87.206402},
	Volume = {87},
	Year = {2001},
	Bdsk-Url-1 = {http://link.aps.org/doi/10.1103/PhysRevLett.87.206402},
	Bdsk-Url-2 = {http://dx.doi.org/10.1103/PhysRevLett.87.206402}}

@article{PhysRevLett.90.186403,
	Author = {Mo, S.-K. and Denlinger, J. D. and Kim, H.-D. and Park, J.-H. and Allen, J. W. and Sekiyama, A. and Yamasaki, A. and Kadono, K. and Suga, S. and Saitoh, Y. and Muro, T. and Metcalf, P. and Keller, G. and Held, K. and Eyert, V. and Anisimov, V. I. and Vollhardt, D.},
	Doi = {10.1103/PhysRevLett.90.186403},
	Issue = {18},
	Journal = {Phys. Rev. Lett.},
	Month = {May},
	Numpages = {4},
	Pages = {186403},
	Publisher = {American Physical Society},
	Title = {Prominent Quasiparticle Peak in the Photoemission Spectrum of the Metallic Phase of ${\mathrm{V}}_{2}{\mathrm{O}}_{3}$},
	Url = {http://link.aps.org/doi/10.1103/PhysRevLett.90.186403},
	Volume = {90},
	Year = {2003},
	Bdsk-Url-1 = {http://link.aps.org/doi/10.1103/PhysRevLett.90.186403},
	Bdsk-Url-2 = {http://dx.doi.org/10.1103/PhysRevLett.90.186403}}

@article{Preis:2009:GAM:1537305.1537344,
	Acmid = {1537344},
	Address = {San Diego, CA, USA},
	Author = {Preis, Tobias and Virnau, Peter and Paul, Wolfgang and Schneider, Johannes J.},
	Date-Added = {2015-04-30 05:26:47 +0000},
	Date-Modified = {2015-04-30 05:26:47 +0000},
	Issn = {0021-9991},
	Issue_Date = {July, 2009},
	Journal = {J. Comput. Phys.},
	Keywords = {65C05, 65Z05, 82C20, Finite size scaling, GPU computing, Ising model, Monte Carlo simulation, Phase transition},
	Month = jul,
	Number = {12},
	Numpages = {10},
	Pages = {4468--4477},
	Publisher = {Academic Press Professional, Inc.},
	Title = {GPU accelerated Monte Carlo simulation of the 2D and 3D Ising model},
	Volume = {228},
	Year = {2009}}

@article{preis2011gpu,
	Author = {Preis, T.},
	Date-Added = {2015-04-30 05:26:47 +0000},
	Date-Modified = {2015-04-30 05:26:47 +0000},
	Issn = {1951-6355},
	Journal = {The European Physical Journal-Special Topics},
	Number = {1},
	Pages = {87--119},
	Publisher = {Springer},
	Title = {GPU-computing in econophysics and statistical physics},
	Volume = {194},
	Year = {2011}}

@article{RevModPhys.56.99,
	Author = {Vollhardt, Dieter},
	Doi = {10.1103/RevModPhys.56.99},
	Issue = {1},
	Journal = {Rev. Mod. Phys.},
	Month = {Jan},
	Numpages = {0},
	Pages = {99--120},
	Publisher = {American Physical Society},
	Title = {Normal $^{3}\mathrm{He}$: an almost localized Fermi liquid},
	Url = {http://link.aps.org/doi/10.1103/RevModPhys.56.99},
	Volume = {56},
	Year = {1984},
	Bdsk-Url-1 = {http://link.aps.org/doi/10.1103/RevModPhys.56.99},
	Bdsk-Url-2 = {http://dx.doi.org/10.1103/RevModPhys.56.99}}

@article{RevModPhys.61.689,
	Author = {Jones, R. O. and Gunnarsson, O.},
	Doi = {10.1103/RevModPhys.61.689},
	Issue = {3},
	Journal = {Rev. Mod. Phys.},
	Month = {Jul},
	Numpages = {0},
	Pages = {689--746},
	Publisher = {American Physical Society},
	Title = {The density functional formalism, its applications and prospects},
	Url = {http://link.aps.org/doi/10.1103/RevModPhys.61.689},
	Volume = {61},
	Year = {1989},
	Bdsk-Url-1 = {http://link.aps.org/doi/10.1103/RevModPhys.61.689},
	Bdsk-Url-2 = {http://dx.doi.org/10.1103/RevModPhys.61.689}}

@article{RevModPhys.68.13,
	Author = {Georges, Antoine and Kotliar, Gabriel and Krauth, Werner and Rozenberg, Marcelo J.},
	Date-Added = {2015-05-04 12:42:33 +0000},
	Date-Modified = {2015-05-04 12:42:33 +0000},
	Doi = {10.1103/RevModPhys.68.13},
	Issue = {1},
	Journal = {Rev. Mod. Phys.},
	Month = {Jan},
	Numpages = {0},
	Pages = {13--125},
	Publisher = {American Physical Society},
	Title = {Dynamical mean-field theory of strongly correlated fermion systems and the limit of infinite dimensions},
	Url = {http://link.aps.org/doi/10.1103/RevModPhys.68.13},
	Volume = {68},
	Year = {1996},
	Bdsk-Url-1 = {http://link.aps.org/doi/10.1103/RevModPhys.68.13},
	Bdsk-Url-2 = {http://dx.doi.org/10.1103/RevModPhys.68.13}}

@article{RevModPhys.70.1039,
	Author = {Imada, Masatoshi and Fujimori, Atsushi and Tokura, Yoshinori},
	Doi = {10.1103/RevModPhys.70.1039},
	Issue = {4},
	Journal = {Rev. Mod. Phys.},
	Month = {Oct},
	Numpages = {0},
	Pages = {1039--1263},
	Publisher = {American Physical Society},
	Title = {Metal-insulator transitions},
	Url = {http://link.aps.org/doi/10.1103/RevModPhys.70.1039},
	Volume = {70},
	Year = {1998},
	Bdsk-Url-1 = {http://link.aps.org/doi/10.1103/RevModPhys.70.1039},
	Bdsk-Url-2 = {http://dx.doi.org/10.1103/RevModPhys.70.1039}}

@article{RevModPhys.83.349,
	Author = {Gull, Emanuel and Millis, Andrew J. and Lichtenstein, Alexander I. and Rubtsov, Alexey N. and Troyer, Matthias and Werner, Philipp},
	Date-Added = {2015-05-02 23:15:54 +0000},
	Date-Modified = {2015-05-02 23:15:54 +0000},
	Doi = {10.1103/RevModPhys.83.349},
	Issue = {2},
	Journal = {Rev. Mod. Phys.},
	Month = {May},
	Numpages = {0},
	Pages = {349--404},
	Publisher = {American Physical Society},
	Title = {Continuous-time Monte~Carlo methods for quantum impurity models},
	Url = {http://link.aps.org/doi/10.1103/RevModPhys.83.349},
	Volume = {83},
	Year = {2011},
	Bdsk-Url-1 = {http://link.aps.org/doi/10.1103/RevModPhys.83.349},
	Bdsk-Url-2 = {http://dx.doi.org/10.1103/RevModPhys.83.349}}

@article{Ritort-1994,
	Author = {Ritort, Felix},
	Date-Added = {2015-04-30 05:26:47 +0000},
	Date-Modified = {2015-04-30 05:26:47 +0000},
	Doi = {10.1103/PhysRevB.50.6844},
	Issue = {10},
	Journal = {Phys. Rev. B},
	Month = {Sep},
	Numpages = {0},
	Pages = {6844--6853},
	Publisher = {American Physical Society},
	Title = {Static chaos and scaling behavior in the spin-glass phase},
	Volume = {50},
	Year = {1994},
	Bdsk-Url-1 = {http://dx.doi.org/10.1103/PhysRevB.50.6844}}

@inproceedings{Salmon:2011:PRN:2063384.2063405,
	Acmid = {2063405},
	Address = {New York, NY, USA},
	Articleno = {16},
	Author = {Salmon, John K. and Moraes, Mark A. and Dror, Ron O. and Shaw, David E.},
	Booktitle = {Proceedings of 2011 International Conference for High Performance Computing, Networking, Storage and Analysis},
	Date-Added = {2015-04-30 05:26:47 +0000},
	Date-Modified = {2015-04-30 05:26:47 +0000},
	Isbn = {978-1-4503-0771-0},
	Location = {Seattle, Washington},
	Numpages = {12},
	Pages = {16:1--16:12},
	Publisher = {ACM},
	Series = {SC '11},
	Title = {Parallel random numbers: as easy as 1, 2, 3},
	Year = {2011}}

@article{Sasaki-etal-2007,
	Author = {Sasaki, M. and Hukushima, K. and Yoshino, H. and Takayama, H.},
	Date-Added = {2015-04-30 05:26:47 +0000},
	Date-Modified = {2015-04-30 05:26:47 +0000},
	Doi = {10.1103/PhysRevLett.99.137202},
	Issue = {13},
	Journal = {Phys. Rev. Lett.},
	Month = {Sep},
	Numpages = {4},
	Pages = {137202},
	Publisher = {American Physical Society},
	Title = {{Scaling Analysis of Domain-Wall Free Energy in the Edwards-Anderson Ising Spin Glass in a Magnetic Field}},
	Volume = {99},
	Year = {2007},
	Bdsk-Url-1 = {http://link.aps.org/doi/10.1103/PhysRevLett.99.137202},
	Bdsk-Url-2 = {http://dx.doi.org/10.1103/PhysRevLett.99.137202}}

@article{Sasaki-etal-2008,
	Author = {M. Sasaki and K. Hukushima and H. Yoshino and H. Takayama},
	Date-Added = {2015-04-30 05:26:47 +0000},
	Date-Modified = {2015-04-30 05:26:47 +0000},
	Doi = {http://dx.doi.org/10.1016/j.jmmm.2006.10.656},
	Issn = {0304-8853},
	Journal = {Journal of Magnetism and Magnetic Materials},
	Keywords = {Renormalization group},
	Note = {{Proceedings of the 17th International Conference on Magnetism}},
	Number = {2, Part 2},
	Pages = {1514 - 1516},
	Title = {{Absence of spin glass phase in the Edwards--Anderson Ising spin glass in magnetic field}},
	Volume = {310},
	Year = {2007},
	Bdsk-Url-1 = {http://www.sciencedirect.com/science/article/pii/S0304885306018841},
	Bdsk-Url-2 = {http://dx.doi.org/10.1016/j.jmmm.2006.10.656}}

@inproceedings{Sedaghati:2011:SVI:2120965.2121455,
	Acmid = {2121455},
	Address = {Washington, DC, USA},
	Author = {Sedaghati, Naser and Thomas, Renji and Pouchet, Louis-Noel and Teodorescu, Radu and Sadayappan, P.},
	Booktitle = {Proceedings of the 2011 International Conference on Parallel Architectures and Compilation Techniques},
	Date-Added = {2015-04-30 05:26:47 +0000},
	Date-Modified = {2015-04-30 05:26:47 +0000},
	Isbn = {978-0-7695-4566-0},
	Keywords = {Stencil Computation, High Performance, Vector ISA},
	Numpages = {12},
	Pages = {276--287},
	Publisher = {IEEE Computer Society},
	Series = {PACT '11},
	Title = {StVEC: A Vector Instruction Extension for High Performance Stencil Computation},
	Year = {2011},
	Bdsk-File-1 = {YnBsaXN0MDDUAQIDBAUGJCVYJHZlcnNpb25YJG9iamVjdHNZJGFyY2hpdmVyVCR0b3ASAAGGoKgHCBMUFRYaIVUkbnVsbNMJCgsMDxJXTlMua2V5c1pOUy5vYmplY3RzViRjbGFzc6INDoACgAOiEBGABIAFgAdccmVsYXRpdmVQYXRoWWFsaWFzRGF0YV8QHS4uLy4uL0Rvd25sb2Fkcy8xLjMwNjAzLTIuYmli0hcLGBlXTlMuZGF0YU8RAX4AAAAAAX4AAgAADE1hY2ludG9zaCBIRAAAAAAAAAAAAAAAAAAAAM5cbgBIKwAAAAd+yQ0xLjMwNjAzLTIuYmliAAAAAAAAAAAAAAAAAAAAAAAAAAAAAAAAAAAAAAAAAAAAAAAAAAAAAAAAAAAAAAAAAAAEPRgW0xnxaAAAAAAAAAAAAAIAAgAACSAAAAAAAAAAAAAAAAAAAAAJRG93bmxvYWRzAAAQAAgAAM5ctFAAAAARAAgAANMaN7gAAAABAAwAB37JAAW6uwAFaB8AAgA1TWFjaW50b3NoIEhEOlVzZXJzOgBIZWF2ZW43OgBEb3dubG9hZHM6ADEuMzA2MDMtMi5iaWIAAA4AHAANADEALgAzADAANgAwADMALQAyAC4AYgBpAGIADwAaAAwATQBhAGMAaQBuAHQAbwBzAGgAIABIAEQAEgAlVXNlcnMvSGVhdmVuNy9Eb3dubG9hZHMvMS4zMDYwMy0yLmJpYgAAEwABLwAAFQACAA7//wAAgAbSGxwdHlokY2xhc3NuYW1lWCRjbGFzc2VzXU5TTXV0YWJsZURhdGGjHR8gVk5TRGF0YVhOU09iamVjdNIbHCIjXE5TRGljdGlvbmFyeaIiIF8QD05TS2V5ZWRBcmNoaXZlctEmJ1Ryb290gAEACAARABoAIwAtADIANwBAAEYATQBVAGAAZwBqAGwAbgBxAHMAdQB3AIQAjgCuALMAuwI9Aj8CRAJPAlgCZgJqAnECegJ/AowCjwKhAqQCqQAAAAAAAAIBAAAAAAAAACgAAAAAAAAAAAAAAAAAAAKr}}

@inproceedings{Seiler08larrabee:a,
	Author = {Larry Seiler and Doug Carmean and Eric Sprangle and Tom Forsyth and Michael Abrash and Pradeep Dubey and Stephen Junkins and Adam Lake and Jeremy Sugerman and Robert Cavin and Roger Espasa and Toni Juan and Pat Hanrahan},
	Booktitle = {In SIGGRAPH '08: ACM SIGGRAPH 2008 papers},
	Date-Added = {2015-04-30 05:26:47 +0000},
	Date-Modified = {2015-04-30 05:26:47 +0000},
	Pages = {1--15},
	Publisher = {ACM},
	Title = {Larrabee: a many-core x86 architecture for visual computing},
	Year = {2008}}

@article{Sherrington-Kirkpatrick-1975,
	Author = {Sherrington, David and Kirkpatrick, Scott},
	Date-Added = {2015-04-30 05:26:47 +0000},
	Date-Modified = {2015-04-30 05:26:47 +0000},
	Doi = {10.1103/PhysRevLett.35.1792},
	Issue = {26},
	Journal = {Phys. Rev. Lett.},
	Month = {Dec},
	Pages = {1792--1796},
	Publisher = {American Physical Society},
	Title = {Solvable Model of a Spin-Glass},
	Volume = {35},
	Year = {1975},
	Bdsk-Url-1 = {http://link.aps.org/doi/10.1103/PhysRevLett.35.1792},
	Bdsk-Url-2 = {http://dx.doi.org/10.1103/PhysRevLett.35.1792}}

@article{Sherrington-Kirkpatrick1978,
	Author = {Kirkpatrick, Scott and Sherrington, David},
	Date-Added = {2015-05-02 22:39:25 +0000},
	Date-Modified = {2015-05-02 22:39:25 +0000},
	Doi = {10.1103/PhysRevB.17.4384},
	Issue = {11},
	Journal = {Phys. Rev. B},
	Month = {Jun},
	Pages = {4384--4403},
	Publisher = {American Physical Society},
	Title = {Infinite-ranged models of spin-glasses},
	Url = {http://link.aps.org/doi/10.1103/PhysRevB.17.4384},
	Volume = {17},
	Year = {1978},
	Bdsk-Url-1 = {http://link.aps.org/doi/10.1103/PhysRevB.17.4384},
	Bdsk-Url-2 = {http://dx.doi.org/10.1103/PhysRevB.17.4384}}

@article{Stone:2010:OPP:622179.1803953,
	Acmid = {1803953},
	Address = {Los Alamitos, CA, USA},
	Author = {Stone, John E. and Gohara, David and Shi, Guochun},
	Doi = {10.1109/MCSE.2010.69},
	Issn = {0740-7475},
	Issue_Date = {May 2010},
	Journal = {IEEE Des. Test},
	Month = may,
	Number = {3},
	Numpages = {8},
	Pages = {66--73},
	Publisher = {IEEE Computer Society Press},
	Title = {OpenCL: A Parallel Programming Standard for Heterogeneous Computing Systems},
	Url = {http://dx.doi.org/10.1109/MCSE.2010.69},
	Volume = {12},
	Year = {2010},
	Bdsk-Url-1 = {http://dx.doi.org/10.1109/MCSE.2010.69}}

@article{Swendsen-Wang-1986,
	Author = {Swendsen, Robert H. and Wang, Jian-Sheng},
	Date-Added = {2015-04-30 05:26:47 +0000},
	Date-Modified = {2015-04-30 05:26:47 +0000},
	Doi = {10.1103/PhysRevLett.57.2607},
	Issue = {21},
	Journal = {Phys. Rev. Lett.},
	Month = {Nov},
	Pages = {2607--2609},
	Publisher = {American Physical Society},
	Title = {Replica {Monte Carlo} Simulation of Spin-Glasses},
	Volume = {57},
	Year = {1986},
	Bdsk-Url-1 = {http://link.aps.org/doi/10.1103/PhysRevLett.57.2607},
	Bdsk-Url-2 = {http://dx.doi.org/10.1103/PhysRevLett.57.2607}}

@article{Taiji-Ito-Suzuki-1988,
	Author = {Makoto Taiji and Nobuyasu Ito and Masuo Suzuki},
	Date-Added = {2015-04-30 05:26:47 +0000},
	Date-Modified = {2015-04-30 05:26:47 +0000},
	Doi = {10.1063/1.1139934},
	Journal = {Review of Scientific Instruments},
	Keywords = {ISING MODEL; COMPUTER CALCULATIONS; COMPUTERS; DESIGN; MONTE CARLO METHOD; PARALLEL PROCESSING; COMPUTER ARCHITECTURE; COMPUTERIZED SIMULATION; EQUIPMENT INTERFACES; PERSONAL COMPUTERS; ARRAY PROCESSORS; PROGRAMMING},
	Number = {11},
	Pages = {2483-2487},
	Publisher = {AIP},
	Title = {{Special purpose computer system for Ising models}},
	Volume = {59},
	Year = {1988},
	Bdsk-Url-1 = {http://link.aip.org/link/?RSI/59/2483/1},
	Bdsk-Url-2 = {http://dx.doi.org/10.1063/1.1139934}}

@article{Talagrand-2006,
	Abstract = {Using Guerra's interpolation scheme, we compute the free energy of the Sherrington-Kirkpatrick model for spin glasses at any temperature, confirming a celebrated prediction of G. Parisi.},
	Author = {Talagrand, Michel},
	Copyright = {Copyright {\copyright} 2006 Annals of Mathematics},
	Date-Added = {2015-04-30 05:26:47 +0000},
	Date-Modified = {2015-04-30 05:26:47 +0000},
	Journal = {Annals of Mathematics},
	Jstor_Articletype = {research-article},
	Jstor_Formatteddate = {Jan., 2006},
	Language = {English},
	Number = {1},
	Pages = {pp. 221-263},
	Publisher = {Annals of Mathematics},
	Series = {Second Series},
	Title = {The Parisi Formula},
	Volume = {163},
	Year = {2006},
	Bdsk-Url-1 = {http://www.jstor.org/stable/20159953}}

@article{Tasaki-1989,
	Author = {Tasaki, Hal},
	Date-Added = {2015-04-30 05:26:47 +0000},
	Date-Modified = {2015-04-30 05:26:47 +0000},
	Doi = {10.1007/BF01023476},
	Journal = {Journal of Statistical Physics},
	Keywords = {Random spin systems; critical exponent inequalities; upper critical dimensions},
	Language = {English},
	Number = {1-2},
	Pages = {163-170},
	Publisher = {Kluwer Academic Publishers-Plenum Publishers},
	Title = {On the upper critical dimensions of random spin systems},
	Volume = {54},
	Year = {1989},
	Bdsk-Url-1 = {http://dx.doi.org/10.1007/BF01023476}}

@techreport{techreport-full,
	Address = {Computer Science Department, Fanstord, California},
	Author = {Tom T{\'{e}}rrific},
	Date-Added = {2015-04-30 05:26:47 +0000},
	Date-Modified = {2015-04-30 05:26:47 +0000},
	Institution = {Fanstord University},
	Month = oct,
	Note = {This is a full TECHREPORT entry},
	Number = {7},
	Title = {An {$O(n \log n / \! \log\log n)$} Sorting Algorithm},
	Type = {Wishful Research Result},
	Year = 1988}

@article{Temesvari-2008,
	Author = {Temesv\'ari, T.},
	Date-Added = {2015-04-30 05:26:47 +0000},
	Date-Modified = {2015-04-30 05:26:47 +0000},
	Doi = {10.1103/PhysRevB.78.220401},
	Issue = {22},
	Journal = {Phys. Rev. B},
	Month = {Dec},
	Numpages = {4},
	Pages = {220401},
	Publisher = {American Physical Society},
	Title = {{Almeida-Thouless transition below six dimensions}},
	Volume = {78},
	Year = {2008},
	Bdsk-Url-1 = {http://link.aps.org/doi/10.1103/PhysRevB.78.220401},
	Bdsk-Url-2 = {http://dx.doi.org/10.1103/PhysRevB.78.220401}}

@inproceedings{TheJanusCollaboration:2012:JFS:2322156.2322158,
	Acmid = {2322158},
	Address = {New York, NY, USA},
	Articleno = {2},
	Author = {The Janus Collaboration},
	Booktitle = {Proceedings of the Future HPC Systems: the Challenges of Power-Constrained Performance},
	Date-Added = {2015-04-30 05:26:47 +0000},
	Date-Modified = {2015-04-30 05:26:47 +0000},
	Isbn = {978-1-4503-1453-4},
	Keywords = {FPGA, large scale simulations},
	Location = {Venezia, Italy},
	Numpages = {11},
	Pages = {2:1--2:11},
	Publisher = {ACM},
	Series = {FutureHPC '12},
	Title = {Janus2: an FPGA-based supercomputer for spin glass simulations},
	Year = {2012}}

@article{Thouless-Anderson-Palmer-1977,
	Author = {Thouless, DJ and Anderson, PW and Palmer, RG},
	Date-Added = {2015-04-30 05:26:47 +0000},
	Date-Modified = {2015-04-30 05:26:47 +0000},
	Journal = {Philosophical Magazine},
	Number = {3},
	Pages = {593--601},
	Publisher = {Taylor \& Francis},
	Title = {Solution of'solvable model of a spin glass'},
	Volume = {35},
	Year = {1977}}

@misc{TOP500,
	Citeulike-Article-Id = {2324146},
	Citeulike-Linkout-0 = {http://www.top500.org},
	Keywords = {bibtex-import},
	Posted-At = {2008-02-02 22:14:34},
	Title = {{TOP500 Supercomputer Site}},
	Url = {http://www.top500.org},
	Bdsk-Url-1 = {http://www.top500.org}}

@misc{top500-2015-11,
	Author = {www.top500.org},
	Month = {11},
	Title = {TOP500 LIST - NOVEMBER 2015},
	Url = {http://www.top500.org/list/2015/11/},
	Year = {2015},
	Bdsk-Url-1 = {http://www.top500.org/list/2015/11/}}

@inproceedings{Unat:2011:MRC:1995896.1995932,
	Acmid = {1995932},
	Address = {New York, NY, USA},
	Author = {Unat, Didem and Cai, Xing and Baden, Scott B.},
	Booktitle = {Proceedings of the international conference on Supercomputing},
	Date-Added = {2015-04-30 05:26:47 +0000},
	Date-Modified = {2015-04-30 05:26:47 +0000},
	Isbn = {978-1-4503-0102-2},
	Keywords = {automatic translation and optimization, cuda, parallel programming model, stencil computation},
	Location = {Tucson, Arizona, USA},
	Numpages = {11},
	Pages = {214--224},
	Publisher = {ACM},
	Series = {ICS '11},
	Title = {Mint: realizing CUDA performance in 3D stencil methods with annotated C},
	Year = {2011}}

@unpublished{unpublished-full,
	Author = {Ulrich {\"{U}}nderwood and Ned {\~N}et and Paul {\={P}}ot},
	Date-Added = {2015-04-30 05:26:47 +0000},
	Date-Modified = {2015-04-30 05:26:47 +0000},
	Month = nov # {, } # dec,
	Note = {Talk at Fanstord University (this is a full UNPUBLISHED entry)},
	Title = {Lower Bounds for Wishful Research Results},
	Year = 1988}

@article{Weigel:2012:PPS:2151219.2151631,
	Acmid = {2151631},
	Address = {San Diego, CA, USA},
	Author = {Weigel, Martin},
	Date-Added = {2015-04-30 05:26:47 +0000},
	Date-Modified = {2015-04-30 05:26:47 +0000},
	Issn = {0021-9991},
	Issue_Date = {April, 2012},
	Journal = {J. Comput. Phys.},
	Keywords = {Graphics processing units, Heisenberg model, Ising model, Monte Carlo simulations, Parallel tempering, Spin glasses},
	Month = apr,
	Number = {8},
	Numpages = {19},
	Pages = {3064--3082},
	Publisher = {Academic Press Professional, Inc.},
	Title = {Performance potential for simulating spin models on GPU},
	Volume = {231},
	Year = {2012}}

@book{whole-collection,
	Address = {New York},
	Booktitle = {High Speed Computer and Algorithm Organization},
	Date-Added = {2015-04-30 05:26:47 +0000},
	Date-Modified = {2015-04-30 05:26:47 +0000},
	Edition = {Third},
	Editor = {David J. Lipcoll and D. H. Lawrie and A. H. Sameh},
	Month = sep,
	Note = {This is a cross-referenced BOOK (collection) entry},
	Number = 23,
	Publisher = {Academic Press},
	Series = {Fast Computers},
	Title = {High Speed Computer and Algorithm Organization},
	Year = 1977}

@proceedings{whole-proceedings,
	Address = {Boston},
	Booktitle = {Proc. Fifteenth Annual ACM} # STOC,
	Date-Added = {2015-04-30 05:26:47 +0000},
	Date-Modified = {2015-04-30 05:26:47 +0000},
	Editor = {Wizard V. Oz and Mihalis Yannakakis},
	Key = STOC-key,
	Month = mar,
	Note = {This is a cross-referenced PROCEEDINGS},
	Number = {17},
	Organization = ACM,
	Publisher = {Academic Press},
	Series = {All ACM Conferences},
	Title = {Proc. Fifteenth Annual} # STOC,
	Year = {1983}}

@book{whole-set,
	Author = {Donald E. Knuth},
	Date-Added = {2015-04-30 05:26:47 +0000},
	Date-Modified = {2015-04-30 05:26:47 +0000},
	Note = {Seven volumes planned (this is a cross-referenced set of BOOKs)},
	Publisher = {Addison-Wesley},
	Series = {Four volumes},
	Title = {The Art of Computer Programming},
	Year = {{\noopsort{1973a}}{\switchargs{--90}{1968}}}}

@article{Young-Katzgraber2004,
	Author = {Young, A. P. and Katzgraber, Helmut G.},
	Date-Added = {2015-04-30 05:26:47 +0000},
	Date-Modified = {2015-04-30 05:26:47 +0000},
	Doi = {10.1103/PhysRevLett.93.207203},
	Issue = {20},
	Journal = {Phys. Rev. Lett.},
	Month = {Nov},
	Numpages = {4},
	Pages = {207203},
	Publisher = {American Physical Society},
	Title = {Absence of an Almeida-Thouless Line in Three-Dimensional Spin Glasses},
	Volume = {93},
	Year = {2004},
	Bdsk-Url-1 = {http://link.aps.org/doi/10.1103/PhysRevLett.93.207203},
	Bdsk-Url-2 = {http://dx.doi.org/10.1103/PhysRevLett.93.207203}}

@misc{Zeeb_randomnumber,
	Author = {Charles N. Zeeb and Patrick J. Burns and Xn M},
	Date-Added = {2015-04-30 05:26:47 +0000},
	Date-Modified = {2015-04-30 05:26:47 +0000},
	Title = {Random Number Generator Recommendation by}}

@inproceedings{Zhang:2012:AAS:2259016.2259037,
	Acmid = {2259037},
	Address = {New York, NY, USA},
	Author = {Zhang, Yongpeng and Mueller, Frank},
	Booktitle = {Proceedings of the Tenth International Symposium on Code Generation and Optimization},
	Date-Added = {2015-04-30 05:26:47 +0000},
	Date-Modified = {2015-04-30 05:26:47 +0000},
	Isbn = {978-1-4503-1206-6},
	Location = {San Jose, California},
	Numpages = {10},
	Pages = {155--164},
	Publisher = {ACM},
	Series = {CHO '12},
	Title = {Auto-generation and auto-tuning of 3D stencil codes on GPU clusters},
	Year = {2012}}

@article{Zorn1981337,
	Author = {R. Zorn and H.J. Herrmann and C. Rebbi},
	Date-Added = {2015-04-30 05:26:47 +0000},
	Date-Modified = {2015-04-30 05:26:47 +0000},
	Journal = {Computer Physics Communications},
	Number = {4},
	Pages = {337 - 342},
	Title = {Tests of the multi-spin-coding technique in Monte Carlo simulations of statistical systems},
	Volume = {23},
	Year = {1981}}
